3826 6112
135 277 185 331 801
367 274 442 330 COD.
462 274 597 330 otendit.
608 307 645 317 —
655 277 833 335 ostentati
858 279 1114 335 cabttt'btttttt'tt
1142 280 1339 336 [clitumno.
1357 311 1388 322 -
1400 283 1461 339 tto.
1485 286 1515 341 ii.
1700 293 1752 346 titt

153 399 268 446 raestata
290 391 339 454 sit;
359 390 406 444 sed
425 390 446 443 si
467 399 611 459 paupertas
630 402 717 458 cogat,
740 394 870 450 ecclesiae
890 402 918 450 ct
934 400 956 456 Α
971 392 1117 461 possidere.
1133 392 1182 456 Qui
1199 408 1261 444 vern
1273 392 1298 444 iu
1314 393 1330 445 ιι
1342 408 1365 446 c
1377 393 1465 460 irdqua
1477 394 1634 451 defensione
1653 401 1751 466 perdu-

132 409 225 520 iarum
242 461 286 513 bei
297 459 422 514 reddatur
436 459 537 526 integra
549 460 690 527 possessio.
971 471 1042 522 rant.
1069 470 1097 513 ut
1109 470 1249 515 necatores
1262 476 1407 529 pauperum
1426 478 1520 518 orrrnes
1533 465 1665 520 iudicandi
1680 480 1752 532 surra,

169 530 232 583 tta.
249 527 283 583 Ut
300 530 307 559 ¹
324 527 488 599 ecclesiaram
504 530 636 598 priuilepr'a
658 531 697 584 cel
712 532 847 599 facultates
867 533 919 587 sice
970 530 1042 598 ettad
1056 545 1149 582 rcorrun
1173 531 1260 583 taliter
1273 531 1398 584 alirucnta
1413 532 1604 588 subtraxerint.
1621 535 1753 592 Sacerdo-

132 600 254 670 paiequr'd
267 597 302 650 ed
313 597 415 651 easdem
424 600 548 665 pertinet,
564 599 649 652 nullas
671 600 792 654 irraadrre
809 618 920 671 praesa·
971 599 1032 656 talis
1046 609 1135 653 tamen
1156 598 1237 653 debet
1262 595 1321 653 esse
1334 601 1463 668 provisio,
1479 608 1508 655 ut
1531 603 1675 658 uindictam
1695 621 1756 659 am-

133 678 198 723 saat.
214 666 398 730 Praecipimus
407 667 533 722 otttaibus
546 667 640 721 ditioni
651 678 761 722 rrostruo
780 672 920 735 subiectis,
971 667 1085 722 monitio
1110 666 1250 721 trrauiiesta
1277 669 1423 736 precedat.
1449 680 1480 727 ut
1504 671 1524 702 ¹⁰
1549 686 1592 726 res
1614 683 1756 739 usurpatas

132 747 162 792 at
186 736 276 792 nuilus
289 735 426 807 priuilegia
438 737 519 790 eccle.
529 737 613 790 iarum
636 736 679 790 vel
694 741 920 795 monasteriorum
971 737 1068 790 iniuste
1076 738 1121 806 apri
1136 736 1522 807 abstulit,adbibitaaequitate
1533 741 1666 795 restituat.
1679 747 1754 805 υιιιιι

133 806 296 875 infrangere,
316 819 415 872 resque
430 805 603 859 ecclesiarum
620 807 745 861 invadere
759 811 800 862 vet
817 820 922 863 vastare
971 805 1755 877 sineglexeritctnrcessitasconpuleritpnsteapraedonem

134 873 920 944 autalienarevellacultatesearuntdiriperepraesumat,
970 872 1146 930 sacerdotalis
1176 875 1307 930 districtio
1336 885 1467 929 ruaturata
1500 880 1636 945 percellat.
1667 879 1757 946 denno

135 961 185 1000 nec
196 947 255 998 sine
270 945 390 1012 precaria
413 942 574 1012 'possidere
590 951 738 1011 perterrtet;
763 951 835 1014 arria,
852 949 923 1002 sicut
971 943 1111 1013 quisquam
1128 958 1175 1013 per
1188 957 1267 1010 regua
1283 946 1302 973 ¹¹
1320 947 1420 1013 absque
1442 947 1542 1015 proprii
1568 949 1685 1015 episcopi
1710 964 1758 1001 au·

136 1015 270 1068 asanctis
293 1013 414 1078 patribus
448 1013 572 1066 instructi
598 1027 707 1077 sitinus,
732 1017 920 1083 gravissimum
971 1013 1095 1068 ctoritate
1110 1028 1153 1067 res
1166 1014 1320 1081 dispensare
1343 1014 1461 1078 nitatur;
1487 1016 1548 1082 quia
1571 1018 1615 1070 ber
1638 1018 1754 1080 potentia

135 1093 277 1154 peccatum
292 1082 344 1135 boc
364 1097 423 1136 esse
437 1082 594 1144 dinoscitur,
611 1090 727 1138 testante
752 1100 828 1140 sarra
853 1087 923 1139 scri.
971 1092 1130 1136 cunctorum
1145 1096 1288 1150 regnorum
1298 1082 1559 1152 ternrinnssingulari
1573 1085 1757 1140 dominatione

136 1162 225 1222 ptura,
239 1165 309 1218 quae
322 1150 378 1203 ait:
397 1151 445 1215 Qui
457 1149 589 1206 abstulerit
601 1152 700 1219 aliquid
708 1156 774 1216 patri
785 1156 823 1209 ael
833 1157 920 1220 matri,
972 1150 1118 1206 concludit.
1137 1150 1186 1216 Qui
1201 1166 1265 1205 vero
1278 1152 1320 1205 bis
1335 1154 1433 1206 nostris
1452 1152 1636 1207 sanctionibus
1646 1165 1757 1208 contra·

135 1229 160 1276 et
171 1221 232 1275 dicit
244 1219 292 1274 bor
305 1235 355 1273 non
366 1229 570 1285 essepeecntarn
586 1222 716 1275 lrourieidii
727 1226 857 1294 particeps
870 1233 920 1277 est.
971 1218 1042 1283 ierit,
1059 1229 1167 1290 atquae
1182 1222 1310 1288 neglexit,
1327 1221 1428 1288 legbus
1441 1225 1585 1276 emendare
1599 1223 1756 1285 tardaverit,

136 1288 218 1345 Pater
230 1298 323 1342 noster
334 1290 393 1343 sine
416 1289 498 1342 dubio
516 1290 583 1344 beas
598 1298 649 1350 est.
665 1291 710 1358 (ιιι
734 1309 783 1348 nos
797 1295 919 1347 creavit:
971 1288 1014 1343 vel
1022 1287 1148 1359 deinceps
1159 1290 1185 1343 in
1198 1289 1335 1363 praedicta
1348 1290 1465 1358 nequitia
1475 1291 1620 1359 perdurare
1631 1292 1755 1353 voluerit,

136 1369 223 1414 mater
235 1366 328 1412 nostra
351 1358 477 1424 ecelesia,
492 1371 562 1426 quac
580 1374 628 1412 nos
641 1360 667 1412 in
689 1361 822 1429 baptismo
843 1363 922 1432 spiri·
970 1372 1065 1412 orrrncs
1078 1357 1195 1413 horrores
1206 1373 1274 1427 quos
1303 1359 1402 1412 babere
1416 1360 1567 1424 videbatur,
1583 1361 1676 1429 perdat
1691 1369 1718 1414 et
1741 1377 1756 1414 a

137 1430 229 1484 taliter
249 1428 452 1495 ⁸regeneravit.
469 1429 539 1494 b'rgo
553 1428 597 1494 aui
609 1427 706 1482 Christi
727 1433 853 1498 pecunias
874 1446 922 1485 ec·
972 1427 1048 1481 uobis
1072 1427 1230 1482 seculariter
1258 1438 1286 1482 et
1319 1428 1439 1494 legaliter
1461 1429 1574 1482 strictim
1599 1429 1759 1496 fortiterque

137 1498 237 1553 clasiae
251 1495 357 1550 fraudat
369 1496 411 1550 ιιι
426 1496 496 1564 rapit
509 1495 566 1551 sive
584 1507 670 1550 rastat
684 1498 726 1552 vel
740 1500 848 1564 alienat,
871 1499 922 1554 bo·
971 1496 1108 1617 Rapiatur,
1122 1505 1178 1550 eta
1202 1497 1386 1552 sacerdotibus
1402 1497 1513 1551 coelesti
1528 1498 1618 1564 gladio
1633 1499 1756 1551 l'criatar.

137 1567 304 1621 micidaante
313 1575 485 1634 conspectum
494 1564 555 1620 iusti
568 1565 661 1619 indicis
671 1581 730 1622 esse
740 1568 921 1637 deputabitur.
996 1573 1006 1617 t
1019 1567 1148 1619 sisenna
1162 1567 1320 1631 correxerit,
1337 1581 1390 1619 non
1402 1568 1488 1620 solum
1499 1567 1758 1631 excommunicatus,

138 1637 176 1690 ite
188 1650 243 1705 qrro
255 1633 527 1716 quidamsapientum
543 1635 608 1689 dicit
623 1652 629 1686 :
647 1636 774 1706 Quirapit
788 1640 922 1707 pecaniam
971 1633 1019 1690 scd
1034 1634 1115 1688 etiam
1130 1635 1371 1690 anathematizatus
1381 1635 1521 1688 morietur.

136 1706 249 1775 pror-imi
273 1703 324 1769 sni,
338 1711 497 1771 insanitatem
518 1704 598 1771 lacit,¹
620 1706 663 1772 pai
685 1717 768 1760 autent
788 1709 922 1776 perardum

136 1774 262 1828 errlesiae
275 1771 418 1834 abstulerit,
434 1770 597 1841 sacrilegiam
611 1776 684 1840 facit.

175 1841 237 1895 ιιι.
254 1842 273 1895 b·
279 1851 287 1893 t
310 1857 390 1911 nepae
403 1857 448 1894 rea
464 1856 543 1908 neque
556 1845 708 1896 secularium
732 1844 864 1926 paistprnm
878 1863 923 1913 per

136 1913 187 1966 sint
196 1910 350 1981 praedicere
356 1912 472 1964 'esiararn
482 1912 577 1978 rapiat,
591 1928 654 1982 pnes
667 1914 810 1983 ‘episcopa
819 1915 923 1969 abbates

135 1981 176 2034 rel
196 1978 340 2036 abbatissae
362 1996 448 2050 repere
474 1981 600 2039 rideretur.
625 1978 754 2036 Omnibus
776 1998 827 2038 uos
851 1985 924 2052 ipsos

136 2050 304 2115 corigentes
336 2049 505 2116 posterisque
526 2050 626 2103 uostris
649 2051 800 2120 esevrrpluru
830 2054 924 2108 dantes

138 2116 300 2198 generaliter
313 2117 512 2182 interdicimus,
532 2127 560 2171 ut
575 2118 663 2174 nulius
676 2119 759 2174 laicus
772 2121 865 2186 bomo,
881 2123 923 2176 vel

136 2194 299 2255 imperator,
320 2184 364 2239 vel
385 2201 451 2248 res,
473 2193 521 2239 aut
543 2187 578 2240 ali
599 2189 639 2242 uis
663 2188 859 2257 praefectorum
882 2191 925 2245 ιιι

138 2256 280 2315 comitum,
300 2255 416 2317 seculari
441 2202 682 2324 petertareiuttus,
696 2259 746 2311 sibi
758 2274 807 2326 per
820 2260 924 2315 violen-

138 2324 205 2379 tiam
227 2323 315 2392 rapiat
338 2330 384 2378 aut
408 2323 678 2393 anobiseonrpetere
693 2326 734 2381 vel
755 2342 926 2397 quocumque

138 2391 222 2448 modo
232 2393 531 2461 invaderepracsurnat
553 2395 743 2450 tnouasteriurn
757 2406 804 2449 aut
817 2399 924 2467 praedia

138 2461 182 2516 rel
193 2474 366 2530 quascunque
380 2476 422 2515 res
433 2462 466 2515 de
478 2472 611 2529 potestate
627 2464 745 2533 episcopi
758 2469 800 2519 vel
822 2467 926 2522 abbatis

137 2539 187 2585 aut
199 2530 363 2591 abbatissae,
380 2538 408 2584 ct
421 2530 532 2599 incipiat
547 2532 605 2600 ipse
624 2534 682 2587 vice
705 2534 809 2589 abbatis
831 2549 926 2602 regere

138 2608 167 2654 et
179 2598 280 2653 babere
294 2601 382 2654 subse
400 2599 547 2655 nrorracbos
564 2609 592 2655 et
613 2601 753 2669 pecuniam
777 2606 926 2671 possidere,

138 2683 210 2736 qrtae
221 2667 380 2721 iuithristi
399 2671 529 2736 sanguine
544 2678 709 2738 comparata.
726 2671 815 2725 l'aleru
840 2673 927 2729 bortri-

138 2753 202 2793 netu
217 2737 318 2804 antiqui
332 2746 421 2805 batres
435 2739 608 2792 nominabant
619 2748 755 2807 raptorem
769 2750 798 2796 et
816 2738 928 2797 saerile-

1008 1700 1070 1756 ιιι.
1084 1702 1122 1755 be
1133 1702 1207 1757 relate
1215 1703 1473 1773 ccclesiue‚paaesibi
1483 1703 1678 1769 iaredebentar,
1688 1718 1721 1757 rte
1733 1704 1760 1756 in

974 1770 1047 1825 alind
1070 1773 1268 1842 transferantur.
1288 1772 1434 1826 Sciettdutn
1457 1779 1499 1826 cst
1523 1773 1661 1836 euntibus,
1690 1771 1760 1838 aund

975 1841 1142 1908 sacrilegium
1152 1841 1186 1897 sit
1197 1855 1242 1894 res
1250 1840 1380 1895 ecclcsiae
1392 1854 1562 1909 quocumque
1572 1843 1651 1894 rrrodo
1664 1841 1761 1895 iniuste

975 1911 1009 1963 ab
1022 1908 1152 2030 ecrclcsiis,
1168 1911 1265 1980 quibus
1278 1910 1337 1964 iure
1348 1909 1488 1975 debentur,
1500 1909 1598 1964 auferri
1608 1917 1637 1965 et
1651 1910 1677 1963 iu
1688 1911 1761 1964 aliud

977 1979 1128 2034 usrrserri.
1439 2014 1444 2024 ·

1010 2046 1073 2101 tto.
1089 2047 1164 2112 Quod
1177 2047 1320 2102 bonicidae
1342 2057 1403 2102 ante
1424 2046 1507 2102 bean
1529 2048 1694 2112 deprimatur,
1715 2048 1759 2118 qai

976 2133 1016 2170 res
1030 2133 1065 2168 ec.
1074 2115 1154 2171 leriae
1166 2127 1277 2170 uastant.
1293 2116 1422 2172 Volumus
1434 2132 1529 2171 omues
1542 2118 1621 2182 scire,
1630 2117 1701 2186 qnod
1714 2115 1760 2187 qui

975 2186 1072 2240 Cirrisi
1094 2194 1121 2239 ct
1140 2186 1272 2242 ecclcsiae
1295 2187 1421 2254 pecunias
1441 2184 1566 2240 abierunt
1586 2201 1683 2255 resque
1704 2202 1761 2240 erus

976 2254 1111 2319 lraudant,
1127 2256 1245 2325 rapiunt,
1260 2264 1369 2310 vastant
1389 2256 1432 2311 rel
1451 2256 1590 2325 diripiunt,
1610 2255 1761 2309 homicidae

976 2333 1040 2378 aute
1064 2324 1146 2378 boum
1172 2325 1424 2391 essedeputautur;
1450 2327 1513 2394 qrria
1534 2340 1578 2379 res
1602 2330 1761 2393 pauperum,

976 2407 1043 2463 quos
1055 2391 1166 2449 ecclesia
1182 2408 1291 2460 pascere
1301 2393 1391 2453 debet.
1404 2393 1541 2462 diripiunt.

1012 2461 1073 2514 tat.
1091 2462 1124 2514 tit
1147 2463 1254 2530 capitali
1271 2477 1354 2530 poena
1377 2465 1516 2517 multentur
1539 2463 1582 2526 pai
1605 2461 1762 2530 sacrilegia,

976 2531 1114 2593 walteria,
1127 2533 1308 2600 praedationes
1327 2540 1371 2585 eat
1384 2533 1572 2586 devastationes
1592 2533 1761 2585 exercuerint.

976 2599 1033 2654 Sub
1045 2616 1130 2668 poeria
1142 2600 1252 2668 capitali
1262 2599 1411 2669 sacrilegia,
1419 2602 1558 2657 adulteria.
1574 2603 1763 2670 praedationes

979 2669 1197 2737 vastationesque
1208 2670 1235 2722 in
1250 2683 1333 2736 regno
1348 2679 1440 2725 trostro
1455 2685 1471 2723 a
1486 2669 1762 2739 quibuscutnqueberi

977 2737 1163 2808 probibemus,
1176 2737 1212 2792 ita
1228 2749 1257 2792 ut
1266 2741 1288 2791 si
1303 2739 1452 2793 voluntarie
1463 2741 1564 2807 qubex
1576 2737 1617 2793 bis
1628 2753 1707 2793 uuam
1721 2738 1763 2793 ιιι

138 2821 204 2876 grim
227 2816 255 2860 et
282 2807 441 2861 borrricidam
465 2821 611 2875 pauperum
645 2818 673 2862 et
697 2807 788 2880 lupum
812 2811 927 2878 diaboti,
978 2807 1080 2876 aliquid
1094 2805 1200 2870 iecerit,
1216 2807 1314 2860 devita
1328 2816 1464 2875 conponat
1490 2817 1518 2860 et
1532 2821 1678 2861 outuesres
1692 2807 1762 2870 eius,

139 2879 286 2931 isrtrautem
299 2877 324 2929 in
339 2876 409 2929 ovile
433 2874 542 2941 Cbristi,
558 2885 586 2929 et
610 2876 727 2931 maxime
747 2880 928 2936 anathematis
979 2885 1033 2929 tam
1041 2873 1276 2944 rrrobilesquamet
1288 2876 1448 2939 i¹¹¹¹¹¹⁰bilt2⁵.
1457 2845 1763 2929 d⁸t⁰¹¹0⁵1t0⁸⁰0501¹lt¹r

139 2942 455 3014 vincuiodampnandunr
466 2954 529 2999 arrte
541 2945 656 2999 tribunal
667 2944 776 3002 Christi.
786 2947 928 3005 [letalibus
979 2947 1020 2999 val
1032 2943 1173 3005 certesiae.
1190 2945 1266 2999 cuias
1279 2958 1323 2999 tes
1337 2945 1482 2999 vastaverit
1496 2944 1702 2997 telttlleffltetil
1715 2952 1763 2997 aut

139 3028 276 3069 ntemores
289 3023 376 3068 estote
399 3014 548 3083 scripturae
567 3015 653 3068 sancti
672 3014 747 3069 Pauli
765 3020 880 3085 apostoli
895 3021 928 3074 ad
980 3013 1131 3076 abstulerit,
1156 3015 1306 3067 tradantur.
1335 3011 1480 3068 basinum
1501 3016 1573 3067 cniru
1593 3012 1762 3080 sacrilegium

140 3083 316 3137 'limotbeum
332 3081 447 3138 dicentis
463 3101 469 3135 :
485 3081 614 3136 Divitibus
625 3085 701 3138 baias
716 3087 795 3139 secali
807 3089 927 3156 praeripe
943 3096 965 3158 c
979 3091 1031 3145 est,
1050 3083 1202 3137 oblationes
1217 3082 1348 3145 lidcliutn,
1362 3096 1431 3149 quae
1441 3091 1557 3136 srtntres
1571 3081 1761 3146 ecclesiarum,

141 3167 195 3207 non
210 3152 318 3206 sublime
342 3167 442 3220 sapere,
457 3168 537 3222 neque
547 3169 651 3221 sperare
671 3170 697 3207 ιιι
712 3155 809 3209 incerto
824 3156 927 3210 dicitr'a·
980 3152 1096 3215 solerte,
1109 3161 1225 3216 vastare,
1245 3152 1374 3215 alienare,
1395 3151 1533 3217 invadere,
1547 3154 1587 3204 vel
1606 3151 1709 3218 subripi
1726 3150 1760 3204 ¹¹.

138 3237 210 3286 pam,
224 3221 270 3273 sed
283 3221 311 3274 iu
325 3219 388 3278 ileo.
405 3222 447 3292 pai
461 3230 576 3291 praestat
594 3222 691 3275 omnia.
709 3223 788 3278 'l'ules
802 3225 825 3279 si
843 3229 930 3282 eccle·
980 3219 1068 3284 Naar,
1089 3230 1117 3273 ut
1136 3222 1258 3275 aitsacra
1270 3222 1414 3288 scriptura,
1426 3233 1515 3288 rreqrre
1528 3219 1762 3288 sacrilegiumque

140 3292 202 3344 siae
215 3293 412 3363 correctionem
435 3306 488 3344 uon
503 3290 645 3360 recipiunt,
673 3291 790 3348 etbnicis
804 3305 832 3348 et
845 3296 932 3360 publi·

141 3363 219 3414 canis
238 3368 302 3414 suut
326 3359 440 3424 similes,
485 3358 561 3413 tribus
584 3374 634 3413 nec
654 3362 721 3415 vivis
743 3376 792 3417 uec
817 3367 931 3421 rrrortuis

142 3428 326 3483 communicat
341 3425 455 3482 ecclesia
494 3428 527 3481 ei.
541 3427 661 3495 Talibus,
675 3431 721 3498 qui
735 3443 762 3485 et
774 3431 817 3487 bic
828 3440 855 3487 et
870 3434 906 3489 ibi
922 3439 932 3468 ⁸

141 3498 324 3567 reperiuntur,
338 3511 399 3551 cum
412 3498 474 3550 tuba
495 3495 505 3527 ⁶
520 3495 565 3550 lici
580 3497 744 3566 clangamus,
760 3515 795 3555 ne
810 3509 932 3560 tacentes

142 3567 360 3634 darrrpnemuret
373 3565 451 3619 simul
472 3580 532 3620 cum
553 3567 592 3620 eis
615 3582 765 3634 pereamus.
791 3569 820 3625 Si
841 3581 931 3629 autern

143 3634 284 3702 impietate
298 3634 307 3664 ³
321 3634 456 3688 horribilis
475 3643 517 3690 est
537 3633 592 3689 lico
618 3624 672 3702 iile,
696 3640 741 3707 qui
756 3639 837 3704 impie
861 3645 931 3712 agit;

143 3714 221 3758 certe
235 3711 377 3779 separatus
388 3711 428 3757 cst
443 3703 527 3757 salisa
550 3703 617 3767 lieo,
632 3716 659 3757 et
671 3709 836 3762 anathemati
862 3710 932 3769 iuste

145 3772 288 3827 subicitur.
302 3773 450 3826 anatliema
461 3774 531 3826 enirn
557 3773 621 3827 nibil
637 3775 708 3828 aliud
722 3776 866 3844 sigrribcat,
881 3783 932 3838 nii

146 3855 160 3894 a
177 3841 236 3895 boo
247 3840 445 3910 separationem
471 3842 541 3896 sicut
565 3841 593 3896 in
615 3845 698 3897 veteri
723 3854 749 3899 et
764 3861 835 3901 noro
849 3856 932 3906 testa*

144 3919 238 3965 mento
253 3910 377 3964 iudicium
387 3909 421 3964 de
435 3915 605 3966 anathemate
619 3911 759 3981 siguificat.

180 3977 236 4053 ⁴²⁸.
264 3978 356 4032 beleis
386 3978 428 4048 qai
443 3996 495 4033 non
510 3980 637 4033 solantde
660 3981 734 4037 rebus
759 3984 813 4037 suis
836 3981 934 4050 alicuid

145 4064 174 4103 ec
191 4048 271 4102 lestae
282 4055 428 4113 conterant,
441 4049 486 4101 sed
496 4049 573 4101 ctiam
588 4050 621 4102 ab
639 4051 699 4104 aliis
714 4053 830 4106 cordatus
842 4055 935 4106 iniuste

145 4119 286 4171 ιιιιιιιιιιι.
313 4115 417 4171 Placuit
439 4117 515 4171 nobis
538 4125 566 4172 et
592 4119 627 4172 ab
650 4121 775 4175 omnibus
797 4120 934 4175 observari

145 4189 281 4253 cotrvenit,
302 4192 332 4239 ut
344 4188 406 4253 quia
423 4186 542 4240 nonnulli
552 4201 685 4242 memores
695 4191 736 4243 sui
751 4205 836 4259 percu
847 4190 936 4243 :slibet

144 4256 291 4323 scripturas
305 4269 356 4324 pro
379 4254 497 4309 remedio
512 4255 616 4310 animae
630 4272 695 4311 suae
708 4257 742 4313 de
764 4257 935 4313 facultatibus

144 4324 201 4379 suis
223 4324 344 4379 ecclesiis
357 4323 456 4392 aliquid
477 4325 623 4380 contulisse
647 4326 804 4395 probantur,
824 4330 895 4397 (ιιοιι
919 4341 934 4380 ι

144 4393 261 4446 diversis
282 4393 366 4446 beura
383 4392 470 4448 asinus
491 4393 645 4447 timentibus
665 4405 775 4450 actenus
799 4396 934 4451 ruortiiera

144 4460 293 4516 cal'idtate
301 4469 418 4527 tenetur,
431 4461 467 4515 ita
478 4462 627 4517 ataliorum
636 4464 736 4519 oblatio
744 4465 794 4519 illis
803 4467 935 4534 pertineat

144 4531 179 4584 ad
201 4531 306 4585 ruinam
329 4546 382 4587 nen
396 4531 494 4584 intueri
515 4533 597 4585 corde
620 4542 732 4602 possunt
756 4533 825 4588 diem
845 4534 934 4588 iudicii

144 4600 262 4665 Domini,
276 4600 321 4668 qui
335 4600 388 4654 lroo
399 4599 553 4667 cupiditatis
563 4600 731 4657 delectantur
745 4604 851 4667 ardore,
871 4603 933 4673 qui·

144 4683 262 4738 tumque
277 4669 411 4723 inmemor
427 4668 548 4724 interitus
558 4671 600 4723 sui
610 4685 652 4724 res
662 4671 793 4737 ecclesiis,
811 4680 934 4742 utsupra

143 4736 272 4802 diximus,
291 4736 430 4806 delegatas
451 4737 549 4793 iniuste
564 4739 734 4808 possidebit·
749 4756 934 4810 praesumpse-

143 4805 236 4874 ritque
250 4806 380 4873 retinere,
400 4814 428 4860 et
450 4806 563 4861 veritate
585 4816 713 4878 conperta
727 4825 770 4864 res
784 4811 832 4865 bei
847 4810 933 4865 serris

142 4875 358 4929 dissimulaverit
379 4877 536 4941 reiorurare,
560 4876 594 4930 ab
616 4878 740 4934 omnibus
757 4879 874 4934 ccelesiis
888 4894 932 4936 se·

142 4951 273 5013 gregatim
291 4958 306 4997 a
320 4953 416 4997 sancta
432 4945 620 4999 communione
630 4946 762 5003 habeatur
775 4948 931 5014 extraneus,

142 5028 197 5068 nec
210 5012 281 5067 atiud
297 5023 433 5066 mercatur
450 5011 549 5067 babere
571 5016 729 5078 reruedium,
752 5018 802 5072 nisi
826 5019 933 5088 culpam

143 5096 210 5136 cum
231 5083 340 5151 propria
360 5081 369 5110 ⁸
392 5096 480 5134 rerum
492 5083 684 5138 'ernendatioue
703 5088 856 5154 purgaverit
871 5106 877 5138 :
890 5089 933 5141 in-

142 5151 228 5218 digne
245 5166 315 5205 enttn
335 5150 366 5204 ad
378 5153 462 5202 altare
478 5150 579 5204 ilntnini
595 5167 740 5221 properate
752 5157 933 5224 permittitur,

142 5222 251 5293 quires
271 5220 468 5278 ecclesiasticas
489 5228 535 5273 aut
548 5221 627 5275 audet
650 5237 745 5292 rapere
768 5233 814 5278 aut
837 5225 934 5279 iniuste

981 3290 1108 3354 adulteri,
1125 3304 1212 3359 neque
1226 3291 1385 3358 praedones,
1405 3289 1449 3344 vei
1464 3298 1623 3353 vastatores,
1639 3289 1684 3357 qui
1699 3297 1763 3342 sunt

982 3367 1114 3427 raptores,
1130 3373 1241 3425 regnum
1257 3358 1304 3413 bet
1319 3359 1504 3427 possidebunt.
1517 3356 1581 3411 Etsi
1606 3358 1644 3421 bi,
1659 3357 1704 3426 qui
1720 3372 1763 3412 rcs

981 3427 1094 3480 fratrum
1108 3428 1246 3495 diripiunt,
1259 3441 1274 3481 a
1288 3442 1370 3496 regno
1386 3427 1432 3482 Dei
1451 3427 1532 3482 alieni
1546 3430 1623 3492 bunt,
1645 3425 1708 3494 quid
1720 3442 1765 3480 su·

982 3511 1031 3567 per
1050 3497 1092 3550 bis
1112 3498 1168 3550 beri
1196 3497 1304 3564 putatis,
1318 3497 1364 3563 qui
1383 3512 1426 3551 res
1440 3497 1496 3554 bes
1510 3497 1613 3551 dicatas
1635 3495 1765 3565 diripiunt

983 3564 1025 3619 vel
1037 3565 1181 3621 auleruut?
1192 3564 1258 3620 llam
1272 3573 1375 3632 quanto
1385 3567 1494 3636 gravius
1506 3566 1567 3634 quis
1586 3567 1612 3619 in
1628 3564 1763 3634 praesenti

981 3634 1073 3690 secula
1085 3644 1188 3704 peccat,
1203 3643 1278 3689 tauto
1290 3637 1399 3702 gravius
1420 3639 1448 3690 in
1463 3635 1569 3690 inferno
1584 3635 1763 3703 torquebitur.

1017 3702 1080 3757 ιιι.
1092 3703 1131 3756 ιιι
1145 3705 1218 3771 airis,
1235 3704 1304 3774 qnod
1314 3705 1341 3756 in
1351 3705 1640 3760 castitatsaaoressaas
1658 3703 1764 3773 diligere

982 3772 1067 3842 sisque
1077 3781 1104 3826 at
1117 3775 1172 3827 rasi
1183 3775 1319 3840 ittfirrniori
1332 3774 1475 3828 castodenr
1493 3783 1518 3827 et
1537 3774 1664 3842 relipaarn
1677 3786 1765 3825 arces-

984 3843 1085 3894 sitaeens
1096 3842 1205 3896 debeant
1218 3842 1371 3910 impendere.
1384 3840 1484 3898 Omnes
1505 3842 1528 3873 ¹⁸
1547 3842 1617 3896 scire
1628 3841 1763 3905 volumus,

983 3911 1054 3976 quod
1069 3913 1176 3965 iubente
1192 3911 1303 3966 bertuino
1328 3910 1376 3964 riri
1396 3926 1494 3966 uxores
1515 3911 1616 3965 suasin
1639 3909 1765 3962 castitate

984 3980 1099 4033 debeant
1111 3980 1238 4046 diligam
1253 3986 1280 4032 et
1291 3980 1329 4033 cis
1340 3987 1433 4048 utpote
1445 3979 1501 4032 vasi
1523 3975 1664 4033 intirmiori
1678 3975 1765 4031 bono·

984 4062 1041 4102 retu
1064 4057 1091 4102 ιι
1112 4047 1260 4102 custodiam
1288 4057 1369 4116 atque
1385 4057 1501 4113 ,curtata
1518 4060 1588 4114 quae
1609 4044 1762 4099 rteccssaria

984 4125 1056 4179 sant,
1085 4125 1164 4184 prout
1188 4117 1301 4185 quisque
1323 4118 1450 4184 potuerit,
1475 4113 1628 4171 ministrare
1651 4112 1765 4168 ddeiiter

985 4186 1101 4239 debebit.
1117 4186 1194 4252 Quod
1208 4193 1235 4237 et
1258 4186 1379 4253 nostrai
1403 4185 1517 4239 ministri
1543 4181 1646 4238 bomini
1672 4197 1765 4236 suiuus

985 4269 1036 4308 nec
1050 4255 1199 4309 sinecausa
1216 4251 1262 4307 Dei
1277 4252 1392 4323 gladium
1407 4263 1556 4322 portamus,
1572 4252 1717 4321 episcopali
1738 4253 1763 4305 in

986 4323 1045 4378 vice
1059 4326 1177 4376 onmium
1199 4322 1386 4392 episcoporum
1406 4331 1485 4390 atoue
1510 4320 1593 4390 regali
1605 4321 1766 4376 auctoritate

1020 4413 1035 4444 ιι
1046 4391 1144 4446 nribus
1158 4400 1270 4445 cunctos
1280 4405 1360 4458 agere
1372 4392 1502 4446 iubemus.

951 4409 1081 4515 Dprlbss.
1097 4460 1136 4513 tta
1147 4459 1321 4515 eorrseroauda
1343 4461 1395 4530 lide
1417 4463 1484 4515 inter
1505 4461 1586 4514 airam
1597 4468 1623 4513 et
1647 4473 1765 4512 naerens.

984 4528 1059 4586 Scire
1069 4545 1163 4584 otrrnes
1173 4529 1305 4593 volumus,
1316 4530 1385 4585 sicut
1395 4540 1422 4585 et
1431 4528 1540 4598 saepius
1553 4543 1570 4582 a
1589 4529 1693 4583 bomini
1706 4543 1764 4595 epr-

984 4601 1074 4668 scopis
1088 4607 1115 4652 et
1127 4598 1235 4669 reliquis
1257 4597 1398 4655 Deiservis
1420 4598 1550 4654 admoniti
1565 4612 1668 4661 sumus,
1693 4596 1766 4664 (ιιοιι

984 4670 1033 4722 viri
1058 4667 1184 4722 uxoribus
1203 4667 1259 4722 suis
1281 4678 1309 4722 et
1329 4683 1427 4724 uxores
1439 4668 1562 4723 similiter
1573 4666 1637 4721 viris
1649 4683 1705 4721 surs
1720 4678 1763 4717 ιι·

984 4738 1082 4791 raciter
1095 4738 1172 4790 tidem
1186 4745 1214 4790 et
1235 4736 1404 4793 dilectionem
1419 4752 1527 4794 serrare
1540 4737 1647 4799 debem,
1663 4745 1691 4790 et
1711 4747 1763 4787 nun

984 4806 1011 4860 in
1022 4807 1112 4874 aliquo
1124 4805 1158 4859 ab
1179 4805 1220 4860 bis
1243 4805 1389 4872 declinare,
1403 4815 1431 4861 ιι
1442 4805 1516 4875 quod
1531 4820 1582 4859 ιιοιι
1597 4805 1677 4859 liceat
1699 4816 1764 4856 coa·

985 4876 1082 4942 ing-rtis
1097 4889 1184 4941 neque
1195 4873 1317 4944 pellicem
1336 4890 1424 4943 tregue
1448 4874 1625 4930 concubinam
1650 4872 1760 4925 babere.

1021 4943 1082 4997 ιόι.
1100 4940 1239 4997 Nectar-ici
1263 4943 1395 4998 cuiuslibet
1418 4943 1517 4997 ordinis
1539 4958 1556 4994 n
1580 4937 1728 5010 quibaslibet
1743 4936 1765 4966 ¹⁸

985 5014 1046 5069 laici
1068 5013 1104 5066 ini
1123 5013 1231 5080 nicatur,
1244 5012 1282 5065 nel
1300 5014 1369 5082 apud
1380 5012 1532 5080 aliosgnant
1549 5011 1616 5078 apud
1634 5008 1765 5077 episcopos

986 5091 1148 5136 accusentur.
1161 5083 1196 5137 at
1210 5095 1296 5150 neque
1306 5082 1436 5150 presbiter
1446 5078 1666 5148 nequcdiaeonus
1677 5088 1765 5154 uerus

985 5151 1165 5207 subdiaconus
1177 5151 1211 5205 dc
1221 5150 1341 5204 ecclesiis
1356 5149 1496 5203 trahantur
1517 5154 1565 5201 aut
1578 5147 1700 5200 iniuriam
1714 5144 1766 5198 ab·

986 5233 1067 5290 quum
1077 5234 1170 5274 eorum
1183 5219 1268 5274 inscio
1281 5219 1407 5287 episcopo
1420 5217 1565 5287 patiantur.
1577 5215 1630 5272 Sed
1639 5210 1766 5285 quidquid

755 5380 948 5450 vanunr'ris
964 5368 1164 5451 'unctiones
1238 5435 1241 5441 .

184 5528 236 5580 ¹ln
252 5527 285 5582 G.
323 5525 522 5597 'precarbtt
561 5527 621 5578 ⁸sie
644 5527 721 5586 etiarn
740 5525 773 5580 G.
793 5529 962 5599 suprascripto
984 5536 1068 5581 tamen
1094 5543 1120 5580 u.
1157 5524 1251 5593 ‘quiae
1273 5525 1330 5578 Bul.
1370 5525 1414 5576 lt.
1442 5535 1469 5578 et
1493 5524 1536 5578 bic
1557 5524 1662 5595 quiedbi
1686 5540 1708 5578 r.
1731 5523 1766 5582 tt.

144 5598 244 5651 ‘deest
258 5599 290 5651 d.
328 5600 469 5668 'impietas
499 5595 558 5651 bct.
583 5595 594 5627 ⁸
618 5595 766 5664 possederit
779 5595 839 5651 Bal.
876 5599 928 5651 ἰ.
942 5613 1002 5653 ιιιιι
1019 5599 1123 5665 culpam
1142 5593 1278 5670 propriam
1292 5610 1318 5647 r.
1339 5593 1396 5647 bat.
1435 5595 1455 5624 ¹⁰
1476 5602 1503 5650 ιι
1522 5593 1580 5648 Bal.
1624 5594 1767 5666 “interte-

143 5667 246 5734 gnab'.
287 5668 306 5697 ¹¹
322 5669 551 5738 suetsubripese
577 5666 609 5718 ι’.
648 5664 880 5721 ¹³o'nrnibusllnl.
921 5668 979 5734 ιιι.
994 5663 1332 5731 orrlirnbusttquibttslibct
1346 5663 1363 5718 ι.
1378 5661 1410 5717 G.
