3826 6112
132 325 182 382 etl
294 321 410 382 donet
430 316 691 382 otntotttvtctts.
703 320 910 385 -ttlbottct
924 326 934 384 l
949 321 993 383 ΕΤ
1011 324 1174 384 totitantt
1193 324 1535 389 castillianem-ts.
1557 331 1619 392 853.
1727 338 1787 393 itta

132 440 252 497 nationis
262 438 369 495 bomtnt
383 438 443 493 lesu
459 436 626 495 constitet
640 439 787 497 indictione
800 441 845 508 li,
859 456 931 498 anno
943 444 968 505 Α
981 443 1156 498 comrrrissum
1170 446 1386 515 perturbaverat,
1402 448 1558 513 atlrnarrrre,
1575 462 1602 506 et
1624 461 1719 508 errarem
1743 455 1782 510 illi

132 532 267 601 siquidem
277 530 397 586 eiusdem
408 529 540 599 principis
551 531 650 600 primo,
661 531 690 586 in
702 547 796 590 mense
808 533 933 590 videlicet
984 532 1019 588 ad
1035 533 1195 589 memoriam
1210 534 1337 591 reducere
1349 539 1465 593 curavit.
1480 539 1526 595 llle
1538 556 1604 596 vero
1625 558 1719 599 eorum
1738 559 1783 599 sa·

132 624 255 688 eodan,
268 621 339 692 apud
350 621 545 691 compendium
555 621 686 691 palatium
697 624 860 694 generaliter
868 638 934 679 con-
983 619 1120 677 lutifcranr
1130 623 1354 693 admonitionem,
1364 636 1392 683 et
1401 628 1510 700 dignam
1524 646 1724 704 congruamque
1734 650 1784 690 ex·

133 716 280 780 venimus,
298 720 326 768 et
343 719 523 768 memoratum
540 713 689 783 principem
705 713 845 769 humiliter
857 714 933 770 audi·
984 714 1183 783 aggerationem
1199 716 1313 772 libenter
1322 720 1496 790 amplectens,
1509 723 1633 792 promisit
1645 739 1674 779 sc
1686 724 1712 778 in
1726 740 1783 781 orn·

132 807 234 861 murus.
258 804 292 859 lit
313 804 366 859 lroe
384 801 492 873 quidem
514 802 564 867 ilii,
583 803 641 858 sive
656 803 831 873 optimatibus
851 802 933 869 illius,
984 804 1065 860 nibus
1086 804 1139 861 illis
1154 807 1342 876 acquieturum
1354 809 1465 866 salutari
1480 813 1604 879 consilio,
1626 822 1655 869 et
1676 816 1784 872 subitu-

133 911 185 954 eeu
196 895 272 953 oanni
286 893 456 966 generalitati
467 892 560 962 populi
573 907 642 963 quae
654 894 773 964 undique
789 893 854 949 illuc
870 908 935 949 oon-
985 909 1046 949 rum
1060 896 1205 952 remediale
1219 897 1358 953 iudicium.
1373 899 1457 956 Porro
1475 901 1510 957 de
1523 911 1596 957 tanta
1611 904 1713 959 salulrri
1732 905 1783 960 ad-

134 986 263 1051 duxerat,
278 984 454 1040 manifestare
466 983 541 1038 iuxta
554 983 704 1040 iniunctum
724 985 802 1040 nobis
814 985 936 1041 ministe·
985 987 1135 1043 monitione
1148 987 1252 1056 lrilaris,
1268 990 1341 1046 illico
1352 991 1480 1048 dilectum
1495 993 1579 1049 lilium
1592 1010 1671 1051 soum
1682 997 1784 1053 Lotlra·

135 1076 209 1133 rium
222 1075 389 1140 curavimus,
403 1072 492 1144 qualis
505 1072 541 1130 sit
551 1073 629 1144 vigor
642 1082 670 1128 et
681 1081 802 1143 potestas
815 1075 873 1130 sive
885 1074 937 1129 nri·
986 1078 1057 1133 rium
1076 1088 1218 1150 augustum
1238 1081 1289 1136 sibi
1298 1080 1425 1139 festinato
1440 1083 1780 1157 affuturum-supplicavit,

135 1165 282 1223 misterium
307 1163 491 1228 sacerdotale,
516 1172 543 1218 et
564 1163 636 1234 quali
657 1173 795 1220 mereatur
812 1165 936 1221 damnari
986 1169 1083 1234 utille,
1105 1171 1190 1239 ruptis
1201 1172 1366 1241 quibuslibet
1378 1174 1502 1243 momlis,
1523 1192 1586 1232 curn
1609 1179 1666 1235 suis
1683 1179 1785 1249 prima⁴

136 1255 286 1322 sententia,
300 1255 347 1325 qui
365 1253 477 1310 monitis
494 1254 707 1311 sacerdotalibus
722 1256 832 1312 obedire
844 1256 938 1312 uolne-
987 1258 1060 1313 tilrns
1078 1260 1192 1324 veniret,
1208 1262 1336 1330 quatinus
1349 1264 1467 1331 primum
1487 1266 1559 1322 iuter
1575 1281 1623 1323 eos
1636 1276 1729 1325 mutua
1742 1286 1786 1330 re·

136 1349 186 1405 rit.
199 1346 301 1403 fleinde
314 1354 369 1401 tam
383 1352 534 1401 memorato
546 1345 659 1416 principi
674 1361 755 1416 quam
768 1355 865 1403 euneto
878 1348 938 1403 eius
987 1348 1140 1404 conciliatio
1161 1351 1308 1408 secundnm
1333 1353 1510 1411 christianam
1528 1358 1680 1414 doctrinam
1696 1336 1783 1426 fleret,

137 1438 239 1515 populo
253 1436 414 1494 denuntiare
424 1435 587 1502 studuimus,
598 1444 628 1490 ut
641 1436 754 1491 Domino
765 1437 938 1493 devotissime
988 1447 1019 1492 ut
1038 1439 1061 1494 si
1084 1439 1148 1508 quid
1168 1440 1194 1495 in
1212 1442 1340 1498 centibus
1358 1458 1452 1500 eorum
1475 1447 1611 1503 naeviaut
1635 1449 1787 1506 discordiae
1839 1476 1846 1495 ·

138 1531 250 1603 plaeere
262 1528 412 1593 studerent,
426 1535 454 1581 et
468 1526 495 1581 in
508 1527 607 1596 quibus
621 1541 683 1581 cum
701 1525 867 1582 offenderant
881 1527 938 1597 pla·
990 1526 1087 1594 inerat,
1105 1543 1173 1599 pura
1191 1530 1356 1602 humilisque
1375 1535 1520 1603 postulatio
1542 1538 1636 1593 veniae
1653 1541 1787 1610 expiaret,

139 1637 206 1680 aare
218 1637 273 1680 non
287 1619 436 1677 differrent.
461 1618 621 1674 Exanrinata
643 1618 741 1688 qnippe
759 1627 823 1673 sunt
842 1618 936 1684 rnrtlta,
989 1635 1022 1674 ac
1036 1620 1132 1676 deinde
1145 1637 1236 1678 eoram
1249 1625 1324 1679 omni
1335 1626 1506 1683 multitudine
1517 1629 1646 1686 iudicium
1661 1635 1788 1688 sacerdo-

140 1727 214 1787 quae
232 1725 281 1784 per
293 1710 484 1783 negligentiam
504 1710 531 1765 irr
547 1711 598 1766 boe
616 1710 937 1781 imperio-contigerunt,
989 1712 1044 1768 tale
1055 1728 1131 1769 more
1142 1715 1304 1785 paenitentis
1318 1718 1478 1787 susciperet,
1491 1720 1564 1788 quod
1582 1729 1610 1774 et
1628 1735 1683 1776 non
1700 1721 1787 1778 multo

139 1818 213 1877 qrrae
232 1803 266 1857 ad
279 1803 436 1860 scandalum
450 1801 592 1866 ecciesiae,
611 1810 638 1856 et
658 1803 763 1858 ruinam
782 1803 881 1873 populi,
897 1803 940 1857 vel
955 1808 978 1868 tt
991 1810 1053 1872 post
1066 1803 1166 1860 factum
1178 1812 1230 1860 est.
1250 1805 1367 1863 leniens
1385 1807 1468 1879 igitur
1484 1809 1553 1866 idem
1567 1811 1691 1869 dominus
1701 1812 1788 1870 bode-

141 1897 220 1968 regni
234 1895 374 1951 interitum
389 1892 541 1949 manifestis
554 1893 662 1949 indiciis
671 1893 855 1963 pertinebant:
872 1905 942 1963 qnae
992 1893 1076 1950 wicus
1088 1894 1114 1948 in
1128 1894 1267 1951 basilicam
1279 1906 1389 1953 sanetae
1401 1897 1449 1953 ilci
1460 1901 1605 1970 genetricis
1617 1901 1727 1969 llariae,
1740 1904 1788 1959 nbi

142 1993 329 2046 necesseerat
342 1996 372 2041 ut
384 1986 439 2042 cito
451 1987 664 2057 corrigerentur,
686 1993 714 2040 et
728 1985 757 2041 in
778 1985 868 2041 futuro
881 2000 942 2041 orn·
991 1992 1147 2040 sanctorum
1170 1999 1284 2055 corpora
1318 1988 1487 2058 requiescunt
1517 1989 1637 2048 lledardi
1660 1993 1787 2050 vilelicet

141 2080 226 2136 nibus
248 2077 337 2135 modis
350 2077 510 2132 vitarentur.
529 2076 602 2132 inter
617 2086 707 2133 cetera
725 2077 806 2132 etiam
825 2090 944 2132 comme·
992 2075 1354 2150 confessoristlhristiatque
1364 2080 1511 2150 pontificis,
1520 2097 1625 2140 necnon
1633 2083 1788 2143 Sebastiam

143 2177 281 2230 moratum
299 2175 370 2223 esta
387 2168 476 2233 nobis,
497 2175 526 2223 et
540 2167 666 2224 omnibus
682 2167 717 2222 ad
728 2167 887 2223 memoriam
901 2181 945 2222 re·
992 2169 1219 2239 praestantissimi
1242 2171 1391 2243 martyris,
1415 2172 1588 2230 adstantibus
1609 2177 1788 2248 presbyteris,

143 2260 267 2328 ductum,
283 2258 399 2331 qualiter
411 2259 483 2315 Deus
496 2273 610 2328 regnum
627 2258 700 2314 istud
712 2273 761 2329 per
771 2257 946 2314 administra·
993 2261 1168 2327 diaconibus,
1191 2271 1219 2318 et
1240 2277 1293 2317 non
1315 2277 1399 2333 parva
1421 2263 1594 2328 multitudine
1608 2266 1789 2334 elericorum,

144 2351 249 2407 tionem
261 2351 349 2406 bonae
362 2349 510 2406 memoriae
521 2349 612 2405 llaroli
623 2349 847 2419 praestantissimi
861 2348 945 2419 impe·
993 2359 1136 2422 praesente
1148 2351 1230 2407 etiam
1241 2351 1364 2421 praefato
1380 2352 1491 2409 domino
1508 2355 1637 2413 Lethario
1652 2355 1707 2413 utto
1719 2357 1788 2424 eius,

145 2442 265 2509 tatoris,
292 2451 321 2499 et
345 2426 395 2512 pcr'·
414 2442 654 2513 praedeeessorum
678 2455 789 2496 suorum
806 2438 944 2505 laborem,
981 2439 1106 2510 eiusque
1117 2442 1286 2511 pmecribus,
1303 2451 1386 2511 atque
1397 2444 1482 2500 totius
1490 2440 1792 2518 'populigencralitate,

146 2537 291 2609 pacificum
304 2543 332 2592 ct
342 2535 450 2591 unitam
463 2543 544 2604 atque
558 2534 686 2590 nobiliter
697 2533 841 2589 dilatatum
854 2530 945 2597 fuerit,
995 2541 1127 2602 quotquot
1140 2532 1267 2588 videlicet
1277 2533 1349 2589 intra
1359 2534 1401 2590 sui
1413 2543 1519 2606 septum
1537 2538 1632 2593 eadent
1651 2539 1793 2597 continete

146 2637 177 2684 et
192 2627 308 2683 [lomina
319 2626 358 2682 Lu
369 2626 463 2681 'enieo
476 2625 632 2696 imperatori
652 2641 667 2680 a
682 2625 739 2681 lieo
751 2625 785 2679 ad
798 2625 946 2696 regendum
995 2623 1084 2693 potuit
1094 2623 1217 2689 ecelesia,
1232 2632 1260 2679 ct
1270 2626 1460 2695 prostratusin
1471 2635 1571 2683 terram
1581 2642 1664 2699 super
1673 2629 1793 2687 cilicium

147 2721 311 2790 submagna
326 2732 391 2789 pace
403 2706 588 2782 comarissum,
609 2718 776 2787 Dominoque
790 2723 948 2787 protegente
996 2723 1060 2771 ante
1070 2723 1273 2771 sacrosanctum
1286 2716 1382 2782 altare,
1393 2717 1535 2775 confessus
1545 2727 1590 2776 ost
1599 2723 1792 2778 eoramomni.

147 2812 201 2867 sub
215 2811 311 2866 eadem
323 2824 400 2880 paee,
416 2810 543 2880 quamdiu
556 2809 627 2864 idem
639 2809 765 2879 princeps
778 2809 834 2864 lieo
844 2805 949 2864 studuit
997 2805 1049 2861 bus
1060 2805 1240 2860 ministerium
1253 2805 1306 2861 sibi
1323 2808 1499 2863 commissum
1520 2811 1589 2866 satis
1607 2812 1721 2883 indigue
1736 2822 1793 2867 tra·
1866 2852 1875 2866 .

147 2908 178 2957 et
189 2901 311 2972 palemis
322 2900 454 2970 exemplis
466 2900 515 2966 uti,
535 2914 568 2955 ac
579 2899 712 2955 bonorum
730 2899 870 2954 bominum
883 2913 949 2954 con·
998 2901 1095 2958 masse,
1108 2901 1136 2949 et
1147 2894 1174 2948 in
1188 2909 1221 2948 eo
1231 2893 1324 2950 inultis
1335 2895 1422 2951 modis
1434 2896 1517 2953 Deum
1529 2898 1687 2968 offendisse,
1706 2912 1734 2957 et
1746 2918 1793 2958 eo·

149 2993 222 3049 siliis
236 2993 408 3063 acquiescere
419 2992 534 3058 curavit,
550 3001 739 3048 conservatum
757 2991 903 3047 manserit:
921 2996 950 3045 et
998 2983 1108 3041 alesiam
1119 2982 1221 3040 Christi
1235 2986 1442 3054 scandalizasse,
1453 2986 1635 3059 populumque
1650 3006 1699 3061 per
1717 3007 1795 3049 suam

151 3084 289 3154 quomodo
302 3084 329 3138 in
340 3099 468 3154 processu
482 3084 621 3153 temporis,
636 3083 706 3138 sicut
722 3082 847 3138 omatibus
862 3081 949 3137 mani·
1000 3074 1191 3146 negligentiam
1202 3074 1349 3133 multifarie
1360 3077 1387 3132 in
1398 3080 1628 3148 perturbationem
1643 3083 1793 3139 induxisse.

150 3174 255 3232 festum
269 3182 342 3240 erat,
361 3190 409 3246 per
421 3174 480 3230 eius
502 3174 738 3245 improvidentiam
754 3173 796 3229 vel
813 3171 985 3247 negligenc
1001 3165 1035 3220 Εῑ
1048 3166 1108 3222 1111
1121 3167 1157 3223 ⁰ll
1171 3175 1308 3223 1111111111
1327 3179 1451 3224 reatuum
1464 3172 1646 3242 &illationem
1658 3176 1795 3245 publicant

152 3268 233 3334 tiam,
247 3267 274 3322 in
288 3274 392 3322 tantam
404 3266 509 3328 venerit
521 3265 695 3338 ignominiam
713 3272 741 3321 et
753 3265 902 3332 vilitatem,
920 3272 951 3320 ut
1001 3263 1029 3313 11
1039 3255 1251 3313 ecclesiasticam
1261 3273 1291 3314 te
1300 3261 1505 3330 expeteretelle
1514 3262 1583 3318 distr
1592 3266 1795 3335 poenitentiam,

152 3374 209 3414 non
221 3358 309 3414 solum
322 3356 418 3413 amieis
430 3357 458 3412 in
475 3357 653 3421 messaniam,
674 3355 721 3412 scd
738 3355 820 3411 etiarn
833 3354 952 3411 inimicis
1002 3364 1056 3418 111111
1080 3348 1228 3406 miserante
1251 3351 1366 3408 Domino
1385 3367 1434 3423 per
1454 3368 1550 3409 eorum
1571 3354 1751 3411 ministerium
1769 3365 1797 3411 ee
1819 3410 1826 3423 ,

151 3452 260 3508 venerit
273 3451 301 3506 in
313 3450 487 3505 derisionem.
508 3448 561 3506 Sed
573 3450 637 3519 quia
652 3449 722 3505 idern
734 3449 860 3519 princeps
872 3447 953 3502 mini·
1002 3443 1166 3499 adiutorium
1179 3446 1318 3517 percipere
1328 3455 1480 3503 mereretur
1495 3448 1691 3505 absolutionem
1709 3457 1797 3505 tante

152 3539 269 3598 sterium
290 3541 342 3596 sibi
355 3539 531 3595 commissum
546 3541 713 3612 negligenter
730 3539 901 3603 tractaverit,
924 3545 953 3594 et
1003 3552 1062 3592 rum
1074 3537 1229 3602 criminum,
1243 3539 1342 3609 quibus
1352 3541 1424 3597 Deus
1434 3541 1534 3611 ligandi
1545 3541 1710 3598 aesolvendi
1722 3541 1797 3596 irrtn-

153 3630 252 3694 multa,
265 3642 335 3699 qnae
350 3630 405 3684 ileo
415 3637 443 3684 ct
454 3628 609 3685 hominibus
620 3628 808 3700 displicebant,
820 3636 847 3684 et
858 3627 953 3684 feeerit
1002 3628 1072 3685 lerat
1081 3639 1252 3700 potestatem.
1261 3630 1346 3698 Quem
1359 3631 1440 3686 etiam
1452 3632 1533 3688 iidem
1544 3632 1695 3702 pontifices,
1706 3638 1799 3701 utpote

152 3728 185 3777 et
200 3719 291 3776 faeere
305 3719 476 3791 compulerit,
491 3719 533 3774 vel
546 3720 604 3775 freri
618 3720 783 3790 permiserit,
802 3726 830 3774 et
844 3718 872 3773 in
885 3716 954 3773 mul-
1003 3718 1100 3774 medici
1112 3719 1259 3790 spiritales,
1273 3719 1419 3775 salubriter
1428 3719 1799 3785 aunonuerurrt,.assareaas

154 3810 194 3866 tis
209 3809 334 3866 nefandis
353 3809 474 3866 cousiliis
499 3809 583 3864 beom
605 3810 754 3865 irritaverit
776 3818 804 3866 et
830 3814 954 3864 sanctam
1003 3809 1028 3865 ei
1039 3811 1112 3879 quod
1124 3825 1219 3880 puram
1231 3819 1259 3865 et
1270 3809 1626 3880 simplieemeonfessieuem
1640 3821 1799 3878 separaretur

153 3898 301 3955 ecclesiam
320 3898 562 3955 scandalizaverit:
581 3907 609 3955 et
628 3906 659 3954 ut
679 3901 768 3956 cetera
789 3916 858 3971 quae
875 3900 955 3958 innn-
1003 3913 1068 3954 vera
1078 3900 1202 3955 remissio
1213 3906 1397 3970 peecatorum,
1417 3907 1446 3954 ut
1458 3909 1553 3969 aperte
1565 3900 1798 3954 eorttitereturer·

155 4004 234 4045 rnera
248 3999 313 4045 sunt
331 3990 503 4055 omittamus,
527 3991 673 4046 novissime
696 4006 804 4047 omnem
826 3993 955 4064 poputum
1004 3996 1063 4043 rata
1074 4004 1123 4045 sua
1137 3989 1166 4043 in
1178 3989 1276 4058 quibus
1288 3988 1406 4043 maxime
1420 4003 1450 4043 se
1463 3989 1550 4043 ileum
1560 3985 1704 4043 offendisse
1717 3986 1800 4055 pfoli-

156 4080 211 4137 sibi
230 4081 381 4137 subiectum
403 4081 437 4136 ad
451 4082 603 4152 generalem
617 4082 757 4138 interitum
772 4084 953 4150 contraxerit,
1004 4078 1123 4142 1111111111,
1135 4093 1170 4132 ne
1183 4076 1253 4132 forle
1269 4076 1384 4133 inferius
1400 4075 1501 4146 aliquid
1513 4081 1625 4146 tegeret,
1635 4084 1682 4129 aut
1694 4073 1799 4131 incon-

156 4183 187 4231 er
199 4174 234 4229 ab
246 4189 279 4230 eo
293 4173 385 4228 dirim
398 4174 523 4243 iustoque
540 4173 640 4230 iudieio
658 4174 748 4230 subito
762 4174 907 4244 imperialis
919 4175 956 4230 stt
1005 4177 1099 4237 speetu
1112 4167 1161 4223 bet
1173 4166 1312 4237 quippiam
1324 4164 1416 4223 dolose
1427 4173 1530 4235 ageret.
1546 4165 1617 4221 sieut
1627 4165 1680 4220 iam
1694 4165 1799 4236 pridem

156 4266 300 4322 subtracta
318 4272 452 4334 potestas.
472 4264 527 4320 lios
546 4273 637 4319 tamen
655 4278 789 4321 memores
799 4275 957 4336 praecepto·
978 4333 985 4348 ο
1005 4258 1801 4331 iuCompendiopalatioabaliosaeroeoaventueorreptus

158 4372 222 4412 rum
241 4355 298 4422 bet,
319 4357 515 4427 ministeriique
538 4357 638 4422 nostri,
662 4365 743 4428 atque
763 4358 955 4415 berrefieiorum
1006 4367 1099 4409 eoram
1120 4350 1196 4405 omni
1218 4349 1334 4407 ecelesia
1357 4364 1420 4406 eum
1440 4348 1538 4405 fecisse
1557 4348 1684 4403 omnibus
1706 4353 1802 4402 notum

156 4446 228 4511 eius,
243 4446 354 4516 dignum
368 4446 503 4512 duximus,
529 4455 560 4502 ut
579 4462 629 4516 per
652 4448 790 4503 licentiam
813 4449 955 4505 memorati
1006 4455 1077 4511 erat,
1090 4459 1126 4500 ne
1138 4443 1208 4501 sieut
1222 4450 1296 4508 tuuc,
1310 4441 1388 4498 itaet
1400 4456 1473 4497 nunc
1493 4455 1542 4510 per
1561 4438 1760 4496 sinrrrlationenr
1773 4447 1803 4492 et

156 4538 291 4610 principis
302 4537 425 4593 Lotbarii
440 4538 602 4610 legationem
615 4540 649 4595 ad
662 4539 736 4595 illum
749 4555 782 4595 ea
795 4541 956 4596 auctoritate
969 4523 995 4586 ὓ
1007 4534 1184 4591 calliditatem
1198 4532 1300 4604 duplici
1318 4532 1353 4588 ad
1376 4531 1462 4586 Deum
1483 4528 1565 4585 eorde
1577 4527 1746 4591 1111111111,
1768 4527 1804 4582 ad

157 4632 232 4686 sacri
245 4638 394 4686 cenventus
411 4630 590 4696 mitteremus,
606 4646 675 4701 quac
688 4647 751 4687 eum
774 4633 806 4688 de
825 4632 881 4688 suis
894 4648 955 4688 rea-
1007 4623 1076 4680 iram
1097 4624 1189 4694 111ῑί111
1212 4639 1292 4694 quam
1313 4622 1347 4678 ad
1369 4620 1475 4677 1111111111
1498 4635 1609 4677 tuorum
1629 4626 1803 4690 peecatorum

157 4723 235 4780 tibus
248 4723 401 4789 admoneat,
413 4731 547 4793 quatenus
561 4733 664 4780 eertum
681 4724 823 4780 eonsilium
836 4739 902 4782 suae
914 4741 957 4782 sa·
1007 4724 1184 4786 provocaret:
1204 4714 1331 4787 1111111111
1345 4713 1480 4783 scriptura
1495 4721 1622 4778 1111111111»
1637 4710 1804 4768 1111111111*

157 4811 227 4868 lutis
240 4819 359 4883 caperet,
373 4819 403 4867 ut
412 4812 475 4883 quia
488 4821 623 4882 potestate
634 4814 757 4883 privatus
768 4823 827 4869 erat
838 4821 956 4881 ferrern,
1007 4816 1032 4862 et
1044 4807 1134 4862 callidi
1146 4814 1286 4878 provocant
1296 4804 1365 4858 iram
1381 4802 1442 4858 Dei.
1463 4802 1562 4859 Verum
1575 4810 1636 4872 post
1649 4798 1804 4855 lruiustnodi

159 4903 239 4958 iuxta
251 4900 372 4958 divinum
385 4902 566 4958 consiliumet
582 4902 793 4959 ecelesiasticam
810 4904 957 4960 auetorita—
1009 4902 1220 4958 admonitionem
1237 4898 1377 4970 professus
1389 4906 1442 4964 est,
1456 4913 1486 4953 sc
1499 4897 1526 4952 in
1537 4897 1663 4952 omnibus
1675 4894 1709 4948 iis
1723 4905 1803 4963 prae·

159 5000 229 5056 tem,
244 5004 278 5047 ne
290 5005 367 5047 suam
380 4990 539 5065 [secundam
554 4991 598 5064 S.]
612 4993 731 5048 animant
748 4994 887 5064 perderet,
903 4994 959 5050 ela·
1010 4993 1090 5064 cipue
1101 4991 1256 5062 deliquisse,
1272 4990 1342 5045 uude
1352 5004 1369 5043 a
1380 4987 1537 5044 meuroratis
1548 4983 1733 5040 sacerdotibus
1744 4979 1804 5037 fue·

160 5082 261 5137 borare
286 5079 313 5136 in
338 5082 469 5139 extremis
489 5082 595 5152 positus
619 5083 683 5139 totis
701 5083 808 5140 viribus
827 5086 957 5141 studeret.
1011 5092 1054 5138 rat
1068 5081 1247 5147 familiariter,
1260 5080 1317 5136 sive
1333 5078 1422 5134 verbis
1433 5077 1489 5132 sive
1505 5074 1622 5145 scriptis,
1638 5072 1803 5137 admonitus,

160 5170 284 5237 Quorum
304 5169 455 5244 legatorum
473 5173 594 5230 consiliis
609 5181 637 5229 et
658 5173 845 5231 saluberrimis
866 5176 960 5231 admo·
1009 5183 1038 5230 ct
1050 5174 1130 5245 digna
1143 5171 1326 5243 increpatione
1344 5177 1499 5238 eorrr·ptus;
1519 5181 1600 5236 super
1611 5165 1804 5236 quibusclrar-

162 5261 313 5320 uitionibus
328 5264 443 5321 libenter
454 5278 594 5320 assensum
609 5264 750 5335 praebuit,
773 5266 890 5335 spatium
912 5281 961 5337 po-
1011 5264 1096 5320 tulam
1109 5278 1244 5320 summam
1257 5269 1382 5317 reatuum
1393 5274 1515 5324 suorum,
1530 5256 1688 5313 undeillum
1701 5255 1807 5327 specia-

163 5355 261 5425 poscit,
276 5354 401 5428 diemque
419 5355 570 5423 rorastituit,
586 5371 641 5428 qua
652 5357 686 5412 de
700 5356 856 5412 salubribus
865 5373 959 5415 comm
1010 5356 1075 5412 liter
1096 5356 1302 5426 redarguerent,
1323 5351 1505 5407 eorrdnentem
1519 5350 1545 5405 ei
1560 5349 1703 5415 dederunt,
1724 5363 1807 5419 quam

165 5445 276 5502 monitis
289 5453 393 5501 certum
409 5447 449 5502 eis
463 5461 620 5517 responsum
640 5447 777 5504 redderet.
791 5446 858 5503 Cum
871 5457 961 5504 autem
1012 5447 1058 5504 ille
1070 5447 1098 5502 in
1112 5444 1237 5500 manibus
1248 5441 1382 5514 gestabat.

167 5535 366 5606 suprascriptus
387 5536 503 5592 instaret
521 5538 597 5604 dies,
619 5554 697 5594 sacer
720 5538 790 5594 idem
812 5549 961 5598 conventus
1048 5539 1074 5592 l.
1088 5535 1218 5593 Videlicet
1231 5534 1302 5591 sieut
1314 5532 1341 5586 in
1356 5530 1448 5586 eadem
1462 5528 1584 5587 chartula
1601 5530 1706 5603 pinarius
1717 5525 1807 5586 conti-

169 5629 329 5685 uaanimiter
346 5630 380 5686 ad
400 5631 517 5687 eundem
534 5632 713 5687 venerabilem
729 5633 817 5688 virrtm
832 5634 960 5704 perrexit,
1013 5638 1103 5694 netur,
1115 5635 1219 5681 reatum
1234 5623 1368 5693 sacrilegii
1387 5623 1551 5680 incurrendo
1561 5633 1589 5680 et
1603 5623 1760 5690 homicidii,
1774 5636 1808 5678 co

172 5727 281 5792 umque
292 5719 435 5792 diligenter
447 5723 480 5779 de
492 5723 589 5793 quibus
603 5723 688 5778 Deum
700 5723 850 5780 offctrdcrat
862 5732 890 5781 ct
902 5740 962 5781 san·
1012 5721 1083 5791 qnod
1093 5728 1233 5790 paternam
1246 5714 1457 5771 admonitionem
1470 5725 1497 5771 et
1509 5714 1659 5773 terribilem
1672 5723 1805 5774 contesta-

172 5811 238 5865 ttam
258 5808 403 5868 ecelesiam
427 5812 675 5882 scandalizaverat,
704 5829 736 5871 ac
759 5815 889 5886 populum
909 5816 962 5876 sibi
1013 5817 1118 5903 tionem·
1128 5814 1179 5874 sub
1191 5810 1280 5870 divina
1291 5809 1461 5870 invocatione
1474 5819 1536 5868 ante
1547 5818 1671 5868 sunctum
1682 5807 1766 5864 altare
1778 5817 1810 5860 m
