3824 6112
69 369 123 424 573
355 365 468 421 CODEX
486 361 745 421 bttuottstlctts.
757 397 791 407 -
803 365 960 421 ctut'tt'l.
982 365 1026 420 ‚lu
1044 367 1212 424 dusmiso
1230 367 1418 425 contueri.
1650 375 1701 428 ιιι

67 482 126 533 rins
139 479 161 532 si
177 484 271 546 sponte
285 475 409 539 nolucrit,
422 485 468 530 aut
481 492 529 545 per
542 477 667 531 comitem
680 484 726 529 aut
737 491 784 543 per
797 475 861 528 mis·
874 481 898 539 Α
913 480 1001 536 nrarrt;
1025 473 1102 527 cuius
1131 475 1322 542 conpositionis
1349 475 1418 529 duae
1444 484 1535 545 partes
1557 477 1581 533 ci
1608 487 1703 532 contra

65 585 127 623 snm
139 568 200 622 eius
213 566 398 636 distringatur,
413 574 442 619 ιιι
453 566 612 620 diuisionem
633 582 694 620 curu
707 565 754 619 illo
768 563 858 628 iaciat,
910 577 989 631 quent
1009 562 1099 615 testati
1112 571 1174 616 snut
1190 562 1296 627 dentur,
1321 565 1399 617 tertia
1420 580 1469 632 pro
1483 564 1558 621 fredo
1570 569 1701 624 solvatur.

65 659 100 714 ad
117 674 199 729 quem
217 657 359 714 defunctus
381 657 557 712 hereditatem
578 671 654 711 suam
670 654 754 710 voluit
770 655 777 685 ¹
796 669 859 723 per·
909 652 943 705 Et
961 652 990 705 iu
1005 651 1120 707 seculari
1141 652 1249 722 quidem
1274 669 1354 708 causa
1381 655 1565 710 huiuscemodi
1592 658 1700 713 testium

65 751 170 805 renire.
186 748 220 802 Et
241 748 264 802 si
278 747 388 801 cuilibet
399 746 531 802 ecclesiae
552 761 611 801 eam
629 744 734 799 tradere
744 744 858 814 rogarit,
909 738 1052 797 diversitas
1075 757 1169 811 campo
1192 743 1380 811 conprobetur.
1398 744 1427 798 ln
1446 744 1635 802 ecelesiasticis
1654 765 1703 803 au·

64 839 180 894 cobercs
197 836 256 892 eius
272 851 332 890 cam
347 835 433 905 legem
457 851 518 892 cum
539 837 585 889 illa
605 834 718 890 ecclesia
734 835 768 889 de
780 850 860 904 prae·
909 839 963 886 tem
974 833 1073 897 causis,
1087 834 1133 888 ubi
1145 833 1178 887 dc
1191 849 1243 888 una
1262 843 1337 903 parte
1351 836 1480 902 seculare,
1494 837 1528 892 de
1539 839 1624 894 altera
1637 856 1702 897 vero

63 930 138 984 dicta
154 927 304 984 hereditate
315 928 422 993 babeat,
435 942 516 998 quam
530 943 591 982 cum
604 928 657 982 alio
669 925 799 981 coherede
810 941 859 981 suo
909 923 1119 979 ecclesiasticum
1140 927 1274 995 negotium
1292 934 1334 980 est
1353 928 1386 991 ¹¹,
1407 928 1476 983 idern
1492 933 1588 985 modus
1609 933 1701 987 obser·
1775 938 1785 956 ⁰

64 1021 169 1078 bebere
185 1019 299 1073 debebat
318 1018 339 1070 ¹.
353 1017 388 1070 Et
401 1017 452 1072 boc
466 1019 624 1072 observetur
638 1031 701 1085 erga
716 1024 819 1084 patrem
832 1022 860 1069 et
908 1024 986 1069 retur
998 1015 1031 1068 ¹¹.
1053 1017 1101 1071 Ubi
1123 1031 1186 1071 rero
1205 1032 1238 1071 cx
1260 1026 1373 1087 utraque
1389 1030 1465 1090 parte
1488 1022 1701 1079 ecclesiasticum

63 1109 151 1164 filiurn
166 1116 193 1161 et
206 1114 330 1176 nepotem
343 1120 428 1175 usque
442 1105 475 1161 ad
493 1120 578 1159 annos
595 1104 743 1174 legitimos,
767 1111 859 1172 postea
908 1103 997 1172 luerit,
1010 1115 1129 1163 rectores
1143 1108 1287 1165 earundem
1306 1112 1489 1179 ecclesiarum,
1504 1115 1527 1169 si
1540 1131 1569 1170 se
1581 1116 1701 1172 lanrilia-

64 1206 142 1269 ipsae
155 1214 198 1253 res
211 1197 245 1252 ad
255 1196 443 1251 inmunitatem
457 1196 541 1265 ipsios
557 1195 687 1250 ecclesiae
701 1195 821 1250 redeant.
908 1195 974 1249 riter
992 1196 1134 1264 paeilrcarc
1152 1200 1243 1266 velint,
1257 1201 1393 1258 licentiam
1408 1204 1532 1261 babeant.
1558 1208 1586 1262 st
1609 1218 1699 1264 autern

101 1291 146 1345 ts.
168 1287 208 1343 Dc
225 1289 373 1342 homicidiis
386 1286 562 1358 prohibendis.
588 1286 755 1356 Quicumque
773 1285 859 1340 borni·
908 1283 940 1338 dc
951 1284 1134 1342 huiuscemodi
1147 1289 1333 1357 pacificatione
1344 1292 1415 1348 intcr
1426 1309 1474 1351 eos
1487 1298 1630 1352 convenire
1645 1315 1699 1354 rron

61 1397 128 1436 nem
150 1388 195 1435 aut
207 1393 241 1435 er
256 1379 307 1434 leri
326 1394 408 1434 causa
420 1386 467 1433 aut
487 1378 546 1434 sine
559 1394 640 1434 causa
655 1376 819 1433 interfecerit
836 1377 857 1443 ¹,
906 1375 1011 1442 possint
1023 1376 1056 1442 ¹¹,
1070 1377 1192 1432 advocati
1206 1396 1299 1436 eornm
1318 1382 1345 1436 in
1363 1384 1443 1439 mallo
1459 1385 1566 1454 publico
1578 1387 1611 1441 ad
1623 1404 1700 1457 prae·

62 1471 218 1542 wirgildum
234 1470 293 1525 eius
308 1468 318 1499 ¹
333 1470 392 1535 bis,
415 1470 449 1524 ad
464 1484 531 1537 quos
554 1468 600 1523 ille
614 1468 743 1539 pertinet,
759 1482 859 1535 conpo-
907 1467 1021 1522 sentiam
1035 1469 1141 1524 comitis
1164 1472 1282 1537 reninnt,
1301 1481 1328 1528 et
1351 1473 1388 1529 ibi
1411 1475 1546 1546 legitimus
1571 1478 1700 1534 terminus

62 1571 121 1619 nat.
134 1562 380 1633 lpsereropropter
391 1560 472 1615 talem
485 1561 730 1630 praesumptionem
745 1559 771 1612 in
783 1560 855 1614 exsi-
906 1572 999 1615 eorum
1020 1563 1235 1618 contentionibus
1254 1565 1405 1633 inponatur.
1430 1567 1524 1622 Testes
1538 1568 1561 1599 ¹¹
1579 1584 1644 1624 roro
1667 1569 1700 1625 do

61 1650 132 1707 lium
156 1652 288 1716 mittatur,
302 1651 336 1706 ad
350 1661 479 1720 quantum
501 1659 606 1714 tempns
622 1648 857 1719 nobisplacuerit;
907 1651 1117 1720 qualibetcausa
1132 1670 1185 1709 non
1203 1654 1310 1711 aliunde
1326 1665 1499 1726 quaerantur,
1518 1659 1571 1714 nisi
1589 1659 1623 1716 de
1642 1661 1700 1730 ipso

62 1756 108 1796 res
124 1748 214 1796 tamen
226 1755 290 1795 suas
303 1755 357 1795 non
369 1741 486 1796 amittat.
549 1757 569 1791 c
907 1740 1037 1796 comitatu
1066 1742 1094 1796 in
1117 1758 1170 1812 quo
1201 1758 1244 1799 res
1268 1745 1338 1799 unde
1367 1761 1448 1800 causa
1475 1748 1572 1818 agitur,
1596 1750 1701 1819 positae

97 1830 144 1886 2⁰.
159 1828 197 1884 Dc
209 1830 268 1894 lior,
293 1829 362 1901 qnod
377 1830 405 1884 in
419 1831 622 1899 conpositionem
647 1828 760 1900 wirgildi
772 1827 782 1860 ¹
796 1825 856 1881 dori
871 1817 988 1898 Bsunt;
1004 1832 1067 1902 quia
1088 1849 1140 1889 non
1155 1843 1197 1890 est
1211 1835 1347 1900 credibile,
1366 1844 1396 1891 ut
1412 1836 1454 1892 rel
1473 1840 1505 1894 de
1522 1847 1594 1895 statu
1611 1844 1700 1899 borni·

61 1919 166 1974 delent.
184 1918 214 1973 ln
238 1919 451 1991 conpositionem
466 1919 476 1950 ¹
492 1919 607 1989 wirgildi
631 1919 754 1973 volumus
775 1925 805 1971 ut
826 1931 859 1972 ea
907 1923 949 1978 nis
973 1924 1015 1978 rel
1035 1924 1068 1979 de
1086 1926 1254 1997 possessione
1280 1929 1421 1984 cuiuslibet
1444 1946 1493 2000 per
1514 1931 1581 1987 alios
1603 1933 1700 1990 melius

61 2010 164 2065 dentur
177 2024 246 2080 quae
258 2010 284 2064 in
295 2010 353 2080 lege
368 2011 549 2076 continentur,
564 2018 675 2079 excepto
692 2009 822 2077 accipitre
831 2016 859 2062 et
907 2011 947 2067 rei
959 2014 1059 2070 veritas
1070 2016 1195 2085 cognosci
1208 2016 1306 2083 valeat,
1322 2032 1402 2086 quam
1423 2033 1472 2087 per
1490 2020 1551 2076 illos
1568 2022 1615 2090 qui
1635 2022 1700 2078 rici-

61 2103 162 2172 spatba
185 2103 213 2169 ¹3
240 2103 428 2174 quiapropter
450 2101 495 2157 illa
507 2101 560 2157 duo
575 2102 716 2172 aliquoties
734 2102 745 2134 ¹
766 2101 858 2170 periu·
906 2101 996 2159 niores
1008 2112 1079 2158 sunt.
1096 2105 1125 2159 Si
1136 2112 1226 2159 tamen
1239 2107 1374 2161 contentio
1385 2122 1454 2176 quae
1464 2109 1534 2164 inter
1547 2123 1595 2166 cos
1606 2119 1700 2166 exorta

60 2194 132 2248 rium
144 2194 332 2260 committitur,
347 2195 454 2264 quando
477 2193 588 2249 maioris
599 2194 679 2264 pretii
704 2207 785 2262 quam
811 2190 857 2245 illa
906 2203 957 2258 est,
973 2195 1000 2249 in
1014 2195 1129 2252 confinio
1143 2197 1256 2252 duorum
1270 2199 1444 2254 comitatuum
1457 2200 1548 2269 luerit,
1567 2203 1647 2259 liceat
1660 2205 1700 2261 eis
1794 2233 1801 2245 ·

60 2284 117 2339 rint
130 2297 193 2338 esre
208 2282 341 2338 iurantur.
772 2295 782 2313 ⁸
908 2285 942 2340 de
960 2286 1048 2342 ticina
1070 2296 1182 2344 centena
1208 2288 1355 2346 adiacentis
1372 2292 1516 2348 comitatus
1538 2294 1572 2348 ad
1590 2309 1700 2351 causam

95 2372 141 2427 21.
156 2371 195 2426 De
207 2382 282 2443 rapto
306 2371 453 2427 alienarum
474 2387 639 2443 sponsorum.
656 2370 685 2426 Si
697 2385 758 2440 qurs
773 2385 857 2440 spon·
906 2390 982 2430 sunm
998 2384 1082 2432 testes
1095 2377 1203 2433 babere.

59 2485 119 2524 sam
139 2468 255 2524 alienam
269 2469 398 2538 rapuerit,
414 2477 460 2523 aut
472 2468 542 2539 patri
563 2467 622 2522 eius
637 2474 684 2522 aut
703 2466 739 2530 ei,
754 2466 799 2535 qui
816 2464 856 2521 le·
943 2466 987 2521 ιδ.
1003 2465 1152 2538 Deproprio
1165 2467 1193 2522 in
1203 2468 1318 2522 bonnam
1332 2469 1354 2501 ¹¹
1368 2471 1456 2525 mirso.
1468 2470 1665 2544 Cuiuscumque
1676 2476 1699 2508 ¹¹

60 2560 140 2631 gibus
152 2559 213 2614 cius
232 2558 382 2614 ¹defensor
394 2574 453 2614 esse
475 2559 564 2622 debet,
585 2573 646 2612 eum
664 2572 711 2611 sna
724 2556 782 2626 lege
796 2570 856 2610 eam
906 2557 1023 2612 bominis
1043 2557 1193 2627 proprietas
1218 2559 1252 2613 ob
1269 2559 1371 2614 crimen
1393 2560 1510 2631 aliquod,
1534 2563 1605 2633 quod
1627 2565 1698 2621 idem

61 2650 170 2717 reddut;
183 2652 348 2722 etquiequid
358 2667 419 2706 cum
434 2651 454 2682 ¹⁰
466 2666 497 2705 ea
510 2650 610 2716 tulerit,
624 2648 748 2703 semotim
761 2662 857 2702 unam·
905 2649 986 2704 babet
1000 2649 1184 2714 commissum,
1200 2648 1228 2703 in
1247 2649 1364 2704 bannum
1385 2647 1466 2705 luerit
1484 2652 1577 2718 missa,
1593 2661 1621 2708 οι
1643 2655 1697 2720 ἰιιο,

60 2758 197 2813 quamque
214 2758 271 2797 rem
286 2744 432 2799 secundum
455 2742 539 2814 legent
555 2741 658 2797 reddat.
682 2742 715 2797 Et
731 2741 751 2773 ¹¹
766 2741 787 2796 si
804 2741 855 2798 boc
904 2741 1062 2811 recognita,
1078 2757 1112 2798 ne
1129 2741 1260 2796 iustitiam
1275 2741 1365 2806 saciat,
1379 2745 1471 2800 renire
1489 2744 1633 2810 distulerit,
1651 2764 1699 2802 arr-

60 2832 187 2891 delensor
204 2833 262 2888 eins
274 2833 421 2904 perpetmri
434 2832 611 2897 consenserit,
626 2840 653 2885 et
669 2830 729 2887 idco
754 2831 854 2900 raptori
904 2844 1022 2899 numque
1034 2846 1066 2886 ac
1078 2831 1148 2886 diem
1163 2831 1190 2883 in
1206 2844 1238 2885 co
1258 2831 1347 2886 banno
1371 2832 1443 2888 illam
1460 2848 1520 2889 esse
1534 2837 1697 2905 permiserit,

60 2926 125 2981 nibil
139 2940 270 2996 quaerere
281 2925 404 2990 uoluerit,
419 2940 510 2981 comes
524 2926 544 2955 ¹¹
560 2924 732 2994 singulariter
743 2923 776 2977 de
789 2939 856 2977 nna·
905 2918 1018 2975 ulterius
1030 2935 1089 2975 eam
1111 2935 1164 2974 uon
1177 2920 1311 2989 adquirat,
1334 2922 1381 2977 sed
1399 2923 1456 2990 ipsa
1481 2924 1546 2978 lisco
1569 2934 1660 2979 nostro
1675 2928 1698 2959 ¹¹

60 3032 166 3087 quaque
178 3032 208 3071 re
228 3017 250 3048 ¹¹
263 3015 337 3072 lreda
351 3023 442 3071 nostra
457 3015 479 3046 ¹¹
493 3016 570 3070 abeo
589 3022 715 3069 exactare
728 3013 749 3044 ¹¹
761 3012 852 3067 iaciat.
905 3007 1030 3063 societur.
1046 3008 1170 3063 Debitum
1193 3023 1266 3074 rero,
1281 3011 1351 3077 quod
1374 3011 1397 3064 is
1409 3011 1485 3066 cuius
1500 3028 1531 3067 ea
1547 3013 1568 3044 ¹¹
1583 3012 1633 3067 luit
1645 3015 1698 3069 sol-

61 3106 167 3175 Sponso
180 3105 201 3136 ¹¹
214 3120 277 3160 vero
294 3104 379 3175 legem
390 3119 466 3160 suam
478 3111 621 3174 conponat,
635 3102 779 3171 ctinsuper
788 3102 854 3156 ban·
904 3112 967 3153 rere
977 3096 1079 3160 debuit,
1094 3112 1141 3167 per
1159 3098 1284 3152 comitem
1306 3114 1338 3153 ac
1358 3099 1495 3156 ministros
1508 3101 1529 3132 ¹¹
1550 3101 1608 3156 eius
1622 3102 1697 3160 iuxta

60 3212 124 3251 num
143 3203 277 3262 nostrum,
298 3196 324 3251 id
344 3202 386 3251 est
408 3196 548 3267 sexaginta
565 3194 675 3259 solidos,
689 3191 793 3259 eolrat;
811 3206 853 3275 rel
867 3162 891 3226 C
904 3187 1116 3244 aestimationem
1138 3188 1237 3254 damni,
1253 3187 1377 3244 derebus
1388 3189 1531 3246 mobilibus
1545 3191 1566 3221 ¹¹
1581 3207 1649 3261 quac
1669 3194 1696 3250 in

60 3283 87 3338 in
106 3284 288 3355 praesentiam
306 3292 425 3343 nostram
438 3299 530 3340 comes
547 3298 607 3338 eunt
623 3282 748 3337 advenire
760 3279 851 3358 iaciat,
903 3275 997 3333 eadem
1018 3277 1181 3347 proprietate
1202 3277 1327 3335 inventae
1340 3279 1448 3346 luerint,
1462 3282 1504 3337 bis
1516 3284 1613 3353 quibus
1626 3284 1696 3341 idem

60 3383 86 3428 et
99 3381 202 3444 quanto
213 3383 332 3444 tempore
347 3375 423 3430 nobis
435 3375 575 3443 placuerit,
598 3374 625 3427 in
640 3372 720 3428 exilio
733 3379 852 3435 mancat,
903 3368 1008 3424 debitor
1020 3367 1080 3434 init,
1092 3369 1254 3424 exsolvatur.
1269 3369 1345 3436 Quod
1366 3372 1390 3426 si
1413 3388 1503 3428 rernm
1516 3375 1654 3431 mobilium
1673 3378 1696 3408 ¹¹

62 3464 175 3518 etillam
187 3463 314 3517 leoninam
331 3463 357 3517 ei
375 3463 473 3518 babere
488 3462 644 3518 nonliceat.
905 3459 1002 3516 ibidem
1033 3459 1201 3515 inventarum
1232 3461 1343 3516 tantitas
1370 3461 1393 3494 ¹¹
1422 3462 1456 3518 ad
1486 3465 1698 3534 conpositionem

94 3554 139 3608 22.
153 3553 193 3607 De
211 3552 286 3623 [aliia
301 3554 407 3609 testibus
421 3553 601 3607 consumendis
625 3553 657 3605 ¹¹.
673 3551 702 3605 St
719 3551 852 3620 quiscum
903 3569 957 3609 non
975 3553 1111 3618 sulbcerit,
1127 3553 1159 3608 dc
1171 3554 1195 3585 ¹¹
1208 3553 1390 3609 immobilibus
1402 3554 1571 3625 suppleatur;
1585 3565 1613 3610 ct
1625 3559 1697 3627 quod

62 3642 147 3698 altero
168 3642 201 3696 de
227 3642 346 3712 qualibet
368 3659 450 3699 causa
465 3644 485 3674 ¹⁸
498 3643 698 3698 contentionem
719 3642 842 3696 bubucrrt
903 3643 1074 3713 superfuerit,
1090 3644 1160 3699 sicut
1180 3643 1280 3700 dictum
1303 3653 1353 3710 est,
1368 3645 1450 3701 liscus
1468 3654 1561 3701 noster
1577 3646 1599 3678 ³¹
1612 3648 1698 3717 possi·

60 3741 87 3787 et
103 3741 189 3787 testes
208 3740 301 3787 eontra
320 3747 381 3788 eum
393 3747 442 3803 per
455 3732 581 3788 iudicium
598 3732 722 3803 producti
744 3731 851 3798 luerint,
904 3736 973 3790 dcat.
986 3735 1014 3790 Si
1026 3735 1093 3790 nibil
1104 3751 1184 3805 super
1195 3736 1407 3805 conpositionem
1421 3750 1560 3793 remanere
1572 3739 1593 3770 ¹¹
1606 3746 1698 3808 potne-

60 3825 83 3879 si
96 3823 232 3879 illelalsos
244 3839 291 3879 eos
303 3838 362 3880 esse
380 3825 541 3895 suspicatur,
554 3825 666 3881 liceatei
680 3825 747 3881 alios
760 3835 851 3889 testes,
903 3827 958 3891 rit,
973 3835 1058 3880 totum
1077 3826 1105 3880 in
1129 3825 1202 3880 illam
1217 3826 1239 3858 ¹¹
1262 3829 1437 3896 expendatur.
1463 3828 1491 3883 Si
1514 3838 1602 3884 autem
1616 3831 1698 3887 borno

61 3934 129 3988 quos
143 3917 269 3972 meliores
279 3918 405 3987 potnerit,
420 3926 513 3973 contra
525 3934 571 3974 eos
582 3932 725 3988 opponere,
738 3926 767 3971 nt
780 3935 854 3973 vera·
903 3917 948 3971 illc
960 3916 1076 3971 nondum
1095 3932 1155 3971 cunr
1169 3916 1226 3971 suis
1246 3918 1423 3973 coheredibus
1433 3919 1455 3950 ¹¹
1467 3921 1603 3988 proprium
1617 3937 1696 3976 suuni

62 4008 128 4062 tium
143 4007 298 4063 testimonio
316 4006 443 4063 falsorum
463 4008 573 4064 testium
593 4008 755 4078 perversitas
777 4025 855 4078 supe·
903 4006 1018 4061 dirisnnr
1033 4007 1135 4072 babuit,
1151 4015 1280 4062 convocet
1294 4022 1340 4062 eos
1354 4023 1453 4072 comes,
1469 4017 1567 4064 etcum
1579 4011 1618 4064 eis
1630 4011 1696 4081 legi-

62 4107 146 4153 retur.
169 4098 280 4164 Quodsi
294 4101 388 4155 ambae
406 4108 496 4169 partes
519 4101 627 4156 testium
651 4100 688 4154 ita
703 4100 722 4130 ¹¹
734 4100 803 4155 inter
825 4118 854 4156 se
904 4097 995 4151 limam
1013 4096 1169 4150 diuisionem
1192 4096 1290 4160 lociat;
1309 4105 1336 4152 et
1347 4104 1420 4163 tunc,
1433 4098 1503 4152 sicut
1524 4097 1696 4154 iamdictam

62 4187 248 4254 dissenserint,
275 4197 305 4244 ut
329 4189 482 4246 nullatenus
502 4206 556 4246 una
579 4207 643 4262 pars
659 4191 736 4245 alteri
759 4190 855 4247 cedere
903 4194 952 4250 cst,
965 4195 1068 4255 partem
1080 4187 1138 4241 eius
1148 4186 1213 4241 lisco
1226 4195 1318 4242 nostro
1329 4187 1350 4218 ¹¹
1362 4188 1478 4253 addicat,
1494 4195 1520 4242 et
1531 4190 1696 4258 conpositio

62 4278 134 4344 uelit,
150 4278 284 4348 eligantur
295 4281 347 4335 duo
363 4295 396 4334 ex
409 4280 484 4350 ipsis,
504 4281 531 4335 id
553 4290 595 4336 est
607 4296 639 4336 ex
652 4291 766 4351 utroque
778 4293 855 4353 parte
904 4290 965 4330 nem
978 4277 1054 4330 (100²
1068 4275 1101 4340 “,
1113 4275 1187 4331 iuxta
1202 4277 1310 4331 modum
1332 4278 1455 4347 superius
1469 4281 1693 4349 conprehensum,

61 4383 142 4432 unus,
156 4369 201 4437 qui
215 4385 275 4424 cum
289 4370 373 4425 scutis
386 4379 413 4423 et
426 4370 541 4426 fustibus
555 4371 582 4424 in
598 4388 692 4441 eampo
704 4372 852 4443 decertent,
903 4367 945 4422 his
970 4367 1004 4421 ad
1024 4382 1092 4437 quos
1106 4367 1151 4422 illa
1173 4367 1277 4438 legibus
1299 4369 1416 4438 pertinet
1428 4370 1559 4424 exsolvat.
1584 4372 1659 4438 Quod
1673 4371 1694 4402 ¹¹

62 4467 120 4512 ntra
142 4472 206 4527 pars
218 4457 371 4527 tabintern,
396 4470 456 4515 utra
472 4462 494 4492 ¹¹
512 4463 653 4517 veritatem
666 4465 688 4494 ¹¹
712 4446 763 4519 suo
776 4464 852 4519 testi·
904 4458 927 4514 si
938 4474 992 4514 non
1013 4459 1047 4515 de
1067 4459 1119 4515 alia
1142 4475 1182 4525 re,
1202 4459 1248 4514 St'd
1264 4462 1296 4516 (ιθ
1312 4460 1368 4530 198³
1390 4463 1554 4532 proprietate
1578 4480 1646 4534 quae
1666 4466 1694 4520 in

63 4547 152 4602 monio
165 4558 301 4616 sequatur.
322 4549 355 4603 lit
376 4550 508 4620 campioni
522 4552 568 4620 qui
579 4552 665 4607 victus
683 4553 773 4621 luerit,
787 4569 850 4623 pro-
903 4549 1020 4604 banntun
1037 4549 1119 4604 missa
1130 4549 1181 4605 luit
1190 4567 1222 4605 ac
1232 4566 1281 4621 per
1295 4553 1346 4607 boc
1358 4552 1385 4606 in
1402 4563 1522 4609 nostram
1532 4565 1665 4625 potestate
1678 4576 1693 4612 n

62 4644 119 4706 pter
130 4637 279 4707 periurium
289 4638 393 4707 quod¹¹
407 4648 469 4694 ante
484 4655 600 4711 pugnam
624 4643 767 4709 commisit,
787 4642 853 4697 dex·
884 4639 1012 4696 ‘redacta
1025 4648 1075 4708 est,
1090 4641 1177 4696 luerat
1194 4642 1388 4712 interpellatus,
1402 4660 1493 4700 comes
1513 4648 1540 4701 in
1554 4648 1693 4703 cuirrsmi-

63 4733 117 4781 tera
135 4742 232 4781 manus
250 4736 419 4798 amputetur,
445 4728 528 4784 ceteri
542 4745 604 4785 rero
626 4731 744 4786 eiusdem
768 4732 855 4802 partis
906 4731 1018 4786 nisterio
1030 4745 1089 4786 cam
1104 4730 1127 4763 ¹¹
1138 4747 1198 4787 cssc
1216 4733 1379 4800 constiterit,
1392 4735 1442 4789 bor
1454 4736 1488 4790 ad
1500 4737 1625 4791 notitiam
1644 4753 1693 4791 no-

63 4833 154 4891 testes,
172 4827 219 4895 qui
241 4824 300 4882 lalsi
319 4834 498 4897 apparuemnt
521 4827 554 4893 ¹¹,
580 4841 676 4882 manus
701 4843 763 4882 suas
785 4827 857 4882 redi.
908 4834 991 4880 stram
1005 4824 1123 4894 perferre
1141 4834 1227 4891 curet,
1243 4835 1272 4879 ut
1285 4840 1335 4903 qos
1355 4827 1469 4882 eandem
1491 4829 1701 4898 proprietatem,

677 4935 873 4993 tautanius
891 4934 1089 4992 Lectiones

98 5045 251 5102 ¹noluitG.
290 5047 392 5102 ¹debet
406 5047 442 5100 ι’.
459 5046 590 5102 debenti.
604 5046 637 5102 G.
651 5061 766 5115 quam...
783 5047 898 5103 debebat
913 5045 1048 5098 decentii.
1086 5042 1245 5106 'interficit
1264 5044 1306 5098 bis
1322 5051 1456 5114 conponat
1471 5044 1644 5112 werigeldum
1657 5044 1693 5100 ad

62 5132 129 5185 qrros
149 5118 266 5186 pertinet
285 5117 381 5187 ipseo.
437 5117 539 5169 ¹deest
555 5119 581 5172 5.
595 5116 622 5169 l.
636 5116 669 5172 G.
720 5114 877 5185 ¹widrtgitd
893 5117 920 5171 5.
936 5114 1058 5185 urdrgyld
1075 5114 1101 5168 d.
1116 5129 1169 5169 non
1190 5112 1217 5166 d.
1238 5114 1273 5167 ι’.
1288 5114 1442 5184 uueregeldi
1457 5113 1484 5166 l.
1503 5122 1590 5182 posteo
1607 5125 1691 5168 const.

62 5187 200 5257 wergeldi.
256 5186 543 5268 ‘compositioneblb
590 5186 737 5254 ¹spatal‘.
795 5185 994 5239 ¹rnultotiesb.
1041 5183 1143 5265 frib.
1179 5184 1211 5265 ‚¹¹
1224 5199 1305 5251 supra
1321 5184 1417 5237 eumd.
1467 5184 1487 5214 ¹¹
1509 5182 1580 5250 quod
1600 5184 1622 5236 si
1640 5184 1694 5239 boe

61 5256 86 5309 d.
99 5272 125 5309 e.
144 5265 360 5324 permnsenserrt
372 5257 398 5309 6.
450 5257 471 5287 ¹¹
484 5256 574 5310 comiti
597 5254 629 5310 G.
681 5251 1328 5353 ¹¹remcomponatG.(requooomnrodesunt).
1378 5251 1691 5307 ¹¹lrcdumnostramd.

63 5326 123 5379 ¹¹n.
144 5335 269 5381 exactare
280 5328 307 5381 5.
323 5334 438 5391 exactet,
450 5341 491 5394 sp.
508 5325 533 5379 6.
574 5327 595 5357 ¹¹
610 5341 723 5394 sponsus
740 5327 766 5380 5.
817 5326 837 5356 ¹⁷
850 5341 873 5378 c.
885 5324 934 5377 boc
945 5323 1086 5375 admodum
1099 5324 1227 5376 contraxit
1239 5322 1264 5375 6.
1315 5323 1369 5376 ⁸rc
1387 5322 1412 5376 l.
1428 5321 1453 5384 l,
1468 5320 1494 5374 6.
1535 5322 1555 5352 ¹¹
1567 5321 1637 5376 deest
1653 5324 1691 5377 ι’.

62 5395 165 5449 ”deest
181 5394 214 5450 G.
253 5397 274 5428 ¹¹
290 5411 317 5466 q.
331 5411 356 5450 a.
370 5410 397 5464 p.
408 5411 433 5451 c.
446 5396 572 5450 decenti.
611 5396 633 5426 ¹¹
646 5394 855 5464 apparuerintil.
869 5392 929 5447 cat
945 5390 1103 5460 apparuitl.
1143 5391 1208 5445 ¹¹eo
1226 5391 1244 5443 i.
1259 5391 1338 5446 modo
1349 5407 1374 5445 c.
1391 5406 1451 5461 neg.
1464 5392 1558 5446 eodem
1572 5392 1651 5446 modo
1662 5393 1692 5447 l.

59 5465 83 5495 ¹¹
95 5465 139 5518 iric
152 5465 189 5519 l‘.
202 5465 292 5520 inierit
307 5481 354 5520 seu
368 5467 448 5521 etiam
462 5465 550 5520 crucis
563 5465 658 5519 iuditio
669 5465 707 5518 rei
719 5465 819 5519 veritas
832 5462 994 5534 inquiratur.
1006 5461 1062 5516 lloc
1071 5467 1097 5514 et
1108 5460 1141 5514 de
1152 5460 1253 5514 timidis
1268 5470 1348 5529 atque
1365 5461 1544 5516 imbecillibus
1560 5461 1603 5514 rol
1617 5461 1695 5516 intir-

59 5534 122 5599 rnis,
132 5535 179 5603 qui
190 5549 311 5606 pugnare
324 5550 378 5590 non
392 5535 490 5598 valent,
503 5549 536 5588 ne
547 5541 657 5604 propter
668 5534 718 5588 boe
729 5535 830 5590 iustitia
840 5549 887 5588 sua
900 5538 1019 5595 careant,
1032 5531 1186 5586 censuimus
1199 5528 1359 5584 laciendum.
1399 5532 1422 5562 ¹¹
1431 5531 1515 5600 possit
1529 5531 1565 5584 ι’.
1603 5533 1625 5561 ¹¹
1639 5540 1691 5586 tes·

59 5605 452 5674 tes...quaeranturniderunt
464 5603 496 5658 G.
535 5603 742 5659 Ιἰιιιιιιιι5.Ιι.
781 5601 918 5659 ¹¹sie.G.
956 5600 978 5631 ¹¹
990 5616 1019 5654 re
1039 5602 1061 5655 is
1074 5600 1100 5653 6.
1113 5599 1144 5652 B.
1185 5599 1298 5653 ¹¹causa
1314 5598 1347 5653 G.
1386 5601 1406 5632 ¹¹
1422 5601 1545 5655 ministro
1559 5617 1627 5654 corr.
1641 5602 1693 5656 rni-

57 5674 223 5729 nistruml·.
263 5675 284 5705 ¹¹
297 5674 465 5729 nobilibusil.
504 5672 703 5729 ¹¹nobilium6.
742 5670 1040 5743 ¹¹quantitasl'.l.b.
1079 5670 1102 5701 ¹¹
1114 5668 1466 5736 de...supcrlrtcritdcsnnt
1478 5674 1505 5723 t.
1545 5671 1691 5737 “registi

58 5744 231 5813 ¹“repperiri
244 5743 277 5799 G.
326 5744 349 5775 ¹¹
364 5744 436 5798 illum
451 5744 524 5797 l.l·.
537 5743 563 5797 l.
578 5744 642 5800 illud
659 5743 692 5798 G.
736 5744 913 5800 ”heredibus
927 5742 952 5796 5.
1008 5738 1150 5812 “registi
1202 5738 1307 5794 ¹¹col.
1360 5741 1691 5812 ¹¹lroecnsanndpinern

56 5809 156 5870 emittit
169 5816 195 5870 ι’.
235 5816 256 5848 ¹¹
270 5832 301 5872 ca
312 5830 336 5872 c.
350 5814 518 5873 constitnerit
527 5813 552 5870 l.
