3826 6112
234 291 286 345 titt
643 289 671 346 B.
692 290 817 350 callent
837 291 943 350 diicat
963 291 1039 349 Ol’l'.
1061 290 1151 349 PARS
1169 290 1189 349 1.
1210 291 1330 351 secuto
1349 290 1465 352 thiat.
1807 302 1876 358 tttts

190 478 197 488 .
232 405 392 467 exsurgunt,
438 400 483 467 qni
530 415 622 469 pacem
668 403 758 472 populi
804 403 944 458 christiani
990 405 1118 470 etAper
1152 402 1269 473 singulas
1305 406 1486 462 hebdomadas
1522 423 1577 463 nno
1613 408 1657 464 die
1694 407 1720 464 in
1757 413 1905 481 palatin.A

176 500 201 534 2·
232 491 361 542 trinitatem
399 490 501 559 imperii
537 507 585 545 sna
621 494 752 561 pravitate
788 494 910 548 nituntur
949 495 1020 549 sein-
1071 498 1163 546 ¹108er
1205 493 1239 547 td
1280 487 1375 550 &ests
1416 496 1563 552 audiendas
1603 499 1707 562 sedere,
1746 509 1777 555 ut
1814 518 1910 572 pe-

231 581 304 631 dere.
362 577 427 630 liam
476 587 503 633 et
553 580 617 634 illud
674 581 848 636 nihilominus
900 583 1020 650 pcccatis
1069 580 1141 636 hunc
1174 589 1220 636 aut
1256 583 1330 638 illum
1367 585 1493 640 comitem
1529 594 1557 642 et
1592 588 1761 657 providentia
1801 592 1910 651 miz.

230 669 329 723 nostris
366 670 546 738 deputandum
573 680 629 735 cst,
665 672 736 741 quod
755 685 768 714 ι
787 674 887 728 inimici
919 674 1019 729 Christi
1068 679 1163 725 sorum
1208 681 1236 725 ct
1281 673 1433 729 ohedientia
1480 676 1572 746 populi
1622 678 1701 735 nohis
1746 680 1910 741 manilz.

231 761 348 814 rrorninis
401 764 548 833 praeterito
602 779 674 819 anno
729 766 755 819 in
803 767 854 821 hoc
908 782 1020 836 reguum
1068 762 1137 817 stius
1172 750 1307 832 appareat.
1345 765 1379 820 Et
1411 774 1442 820 ut
1474 767 1542 824 haec
1577 769 1678 824 omnia·
1704 786 1909 844 successura.

230 850 354 919 ingrcssi,
392 852 626 920 depraedationes,
667 854 792 909 incanum
828 857 1016 921 ecclesiarum,
1068 853 1201 919 tramant,
1237 855 1361 911 volumus
1396 866 1427 911 m
1463 860 1588 930 generale
1631 862 1789 918 triduanum
1826 864 1910 927 lez

229 947 255 993 et
291 940 485 1008 capitationes
527 942 752 1007 christianorum,
793 954 821 1000 ct
855 946 1020 1002 interlectio-
1069 941 1172 997 iunium
1214 945 1330 1000 secunde
1373 945 1441 1001 ierit
1480 957 1541 1018 poti
1582 951 1694 1008 octabas
1733 961 1900 1022 penteco-

231 1044 279 1084 nes
309 1046 450 1087 serrorum
480 1033 527 1088 liei
563 1036 693 1091 audenter
727 1046 756 1092 ct
783 1038 907 1108 impune,
938 1041 1020 1096 immo
1069 1041 1128 1088 §teu
1175 1034 1365 1092 “illibrandum
1412 1038 1562 1107 iudicetur,
1615 1049 1643 1097 θῑ
1697 1044 1889 1114 ιιθῐιθηιίιει

229 1119 390 1185 unietur,
440 1120 569 1178 lecerunt.
625 1124 720 1196 agiam
768 1127 898 1197 siquidem
948 1131 1020 1188 tusto
1068 1125 1103 1179 ab
1149 1126 1275 1181 omnibus
1322 1143 1385 1183 cnm
1433 1144 1537 1186 summa
1585 1132 1729 1189 devottme
1770 1135 1874 1195 obser-

230 1207 327 1263 indicio
357 1209 422 1274 lici,
460 1220 489 1266 nt
525 1213 587 1283 quia
625 1215 651 1268 in
684 1218 788 1273 cunctis
824 1218 1018 1288 delinquimus,
1069 1222 1155 1267 velut·
1212 1213 1245 1270 Et
1293 1215 1356 1286 quia
1406 1218 1524 1288 undique
1574 1219 1699 1277 iuimieos
1754 1232 1864 1283 eandm

229 1301 342 1356 iutrrius
378 1303 458 1358 simul
500 1313 527 1360 et
564 1306 683 1362 exterius
719 1307 893 1379 flagellemur.
935 1311 1020 1366 Bene·
1049 1302 1115 1390 ¹Dei
1154 1304 1284 1361 ecclesiae
1325 1310 1506 1376 commoveri,
1544 1321 1572 1366 et
1608 1327 1722 1384 mum
1761 1329 1778 1369 a
1808 1315 1854 1374 lico

231 1391 299 1446 liciis
336 1393 434 1462 quippe
471 1395 517 1450 lici
554 1395 691 1451 evidenter
728 1399 869 1454 existimus
905 1401 1017 1471 ingrati,
1069 1396 1147 1451 nohis
1199 1399 1373 1454 commissum
1426 1400 1554 1458 infestare
1598 1403 1668 1459 velle
1721 1409 1853 1476 cognosci·

228 1481 355 1548 rgrroniani
386 1483 427 1538 his
464 1501 516 1538 non
549 1486 582 1540 ad
617 1485 864 1555 voluntatemne,
903 1490 949 1546 sed
985 1493 1020 1547 ad
1069 1504 1143 1554 mus,
1181 1492 1362 1562 praecipitus
1404 1502 1486 1565 atque
1523 1495 1660 1563 iuhemus,
1699 1506 1730 1553 ut
1767 1513 1850 1554 omnes

228 1569 332 1625 lihitum
392 1583 514 1630 nostrum
575 1577 711 1641 carnalem
765 1581 804 1634 uti
858 1581 1017 1637 invenimur.
1068 1577 1192 1634 homines
1237 1594 1286 1651 ptr
1333 1589 1419 1637 tolum
1463 1598 1576 1654 regnum
1625 1593 1768 1650 nostrum.
1816 1587 1853 1656 unt

228 1659 261 1712 lit
303 1660 403 1717 idcirco
444 1665 542 1722 merito
579 1676 719 1725 creaturae
756 1670 802 1726 ttct
839 1673 917 1727 nohis
953 1674 1020 1730 utrt-
1069 1669 1222 1725 exercitalis
1267 1672 1371 1728 itineris
1415 1673 1551 1730 ῠθῦἰῑθιθδ
1587 1684 1665 1742 ⁵⁰⁰²,
1703 1676 1774 1732 hene
1810 1676 1854 1731 ⁵5⁰¹

227 1751 299 1809 ritus
342 1771 500 1824 concessae,
537 1775 586 1829 pro
623 1760 679 1818 lico
715 1771 808 1817 eontra
845 1781 894 1820 nos
930 1765 1020 1837 iugra-
1036 1749 1223 1832 Bpmeparati
1273 1781 1334 1822 cum
1384 1766 1475 1835 equis,
1528 1768 1629 1834 armis,
1679 1767 1853 1830 vestimentis.

226 1853 268 1897 tos
303 1855 432 1915 puguant,
471 1849 544 1904 iuxta
582 1851 646 1906 illud
681 1870 687 1905 :
722 1850 853 1926 Pugnabit
896 1872 944 1926 pro
988 1874 1017 1911 eo
1071 1853 1172 1917 carris,
1220 1863 1248 1910 ct
1289 1854 1467 1922 t'ictualihus;
1511 1864 1541 1910 ut
1580 1871 1755 1928 quocumque
1797 1865 1858 1911 tern-

226 1934 296 1987 ariis
363 1945 493 1991 terrarum
552 1952 643 1995 contra
702 1945 856 1998 insensatos.
918 1947 1018 2001 Verum
1069 1959 1135 2016 pore
1180 1945 1221 2000 cis
1256 1961 1272 1999 a
1317 1947 1395 2003 nohis
1438 1947 1623 2003 denuntiatum
1666 1946 1764 2012 inerit,
1807 1948 1859 2002 siue

226 2024 288 2092 guia
331 2031 372 2081 tot
413 2027 501 2083 modis
542 2046 672 2086 texantur
716 2041 796 2104 atoue
839 2036 1016 2105 percutimur,
1070 2033 1124 2091 ulla
1161 2051 1236 2090 mora
1273 2036 1363 2101 exire,
1400 2044 1428 2093 et
1464 2037 1491 2093 in
1523 2051 1725 2107 quamcumque
1761 2045 1860 2108 partem

225 2115 259 2167 art
289 2129 350 2172 cum
384 2135 399 2173 a
428 2134 482 2189 quo
513 2123 680 2190 percutimur
711 2133 768 2181 toto
800 2129 881 2183 corde
908 2128 1018 2201 dignum
1071 2128 1220 2183 necessitas
1273 2127 1462 2198 postulaverit,
1517 2142 1628 2199 pergere
1673 2125 1795 2198 possint,
1836 2135 1862 2182 et

225 2209 461 2280 necessariumque
509 2222 552 2268 est
586 2224 616 2269 nt
659 2225 841 2284 revertamur,
886 2229 1019 2289 quatenus
1071 2221 1174 2276 tamdiu
1215 2221 1252 2279 itt
1293 2237 1352 2277 esse
1394 2221 1522 2292 quamdin
1563 2219 1712 2276 necessitas
1747 2218 1864 2290 postula·

225 2293 290 2349 illud
338 2300 524 2370 propheticum
572 2302 600 2358 in
650 2306 728 2361 uultis
776 2306 920 2379 impleatur
965 2325 1019 2379 quo
1073 2313 1152 2368 verit.

226 2381 323 2438 dicitur
336 2403 342 2438 ε
357 2385 421 2442 Sola
437 2390 538 2444 vexatio
561 2392 720 2448 irttetlectam
738 2393 811 2449 dedit
835 2396 949 2453 auditui.
974 2397 1027 2454 Sed
1052 2401 1115 2470 quia
1134 2401 1195 2471 pius
1217 2411 1244 2458 et
1263 2401 1381 2459 clemens
1399 2401 1528 2458 liozuinus
1554 2400 1594 2458 sic
1615 2401 1705 2471 ipsum
1731 2397 1863 2472 hagellum

226 2474 388 2543 moderatur,
407 2486 438 2533 nt
464 2495 517 2534 non
543 2478 577 2534 ad
605 2481 760 2548 interitum,
786 2485 834 2540 sed
856 2485 947 2555 potins
972 2487 1007 2543 ad
1027 2489 1223 2545 correctionem
1248 2499 1369 2546 nostram
1396 2488 1496 2546 inlcrrc
1518 2489 1653 2554 rideatur,
1680 2489 1810 2547 ιιιιιοωιιε
1837 2487 1865 2541 in

226 2579 372 2636 conspectu
394 2571 453 2626 eius
475 2572 608 2627 veraciter
633 2573 784 2642 humiliari,
805 2583 832 2630 et
851 2575 947 2632 iacicm
972 2578 1043 2635 illins
1064 2579 1092 2635 in
1111 2580 1279 2638 confessione
1300 2596 1472 2655 praetenue,
1493 2584 1605 2655 eiusque
1624 2584 1757 2655 pictatem
1773 2581 1866 2652 pronis

227 2657 363 2712 mentibus
382 2673 513 2728 exorare;
535 2668 565 2715 ut
582 2661 628 2731 qui
645 2661 709 2717 lecit
727 2679 776 2719 nos
795 2664 941 2720 iustissima
958 2665 1158 2738 dispensatione
1174 2670 1279 2742 llagella
1297 2672 1412 2738 sentire,
1433 2672 1515 2729 iaciat
1536 2673 1614 2728 nohis
1626 2680 1741 2744 peccata
1761 2679 1864 2738 nostra,

227 2758 274 2814 pro
296 2746 394 2814 quihus
419 2748 488 2805 iuste
507 2750 542 2804 ah
564 2766 597 2806 eo
619 2750 799 2823 flagellamur,
826 2769 1003 2824 cognoscere,
1027 2763 1054 2813 et
1075 2755 1218 2830 inquibus
1239 2762 1356 2818 maxime
1374 2762 1453 2818 illum
1472 2764 1644 2830 olleudimus,
1662 2772 1689 2819 et
1708 2762 1780 2818 iram
1797 2761 1867 2819 idias

226 2836 444 2904 provocavimus,
469 2839 639 2896 manifestius
662 2841 828 2913 intelligere,
856 2850 885 2898 ut
907 2852 984 2915 post,
1010 2860 1043 2903 eo
1066 2846 1228 2916 miserante,
1253 2865 1338 2920 prava
1362 2851 1509 2907 deserendo
1537 2860 1565 2907 et
1587 2851 1765 2923 corrigendo,
1796 2850 1865 2904 hosa

226 2925 308 2981 etiam
339 2929 467 2985 sectando
497 2937 525 2985 et
555 2938 611 2985 tota
639 2946 701 2986 cum
725 2931 867 2987 devotione
895 2933 1084 3003 exsequendo,
1114 2935 1251 2992 valeamus
1279 2952 1328 3006 per
1354 2937 1478 3007 spiritum
1505 2938 1664 2995 humilitatis
1691 2944 1722 2995 ct
1750 2938 1867 2992 animan

226 3018 372 3073 contritam
394 3020 557 3076 sacrillcium
577 3021 632 3076 Deo
654 3021 773 3078 dehitnm
800 3021 914 3088 offerre,
953 3023 1075 3095 iramque
1100 3023 1173 3081 illins
1201 3025 1392 3098 indignationis
1411 3027 1535 3093 evadere,
1555 3035 1583 3083 et
1603 3042 1652 3100 per
1675 3026 1788 3100 dignam
1805 3041 1867 3081 cou-

154 3158 155 3161 ,
226 3122 374 3181 gruamque
396 3112 608 3178 correctionem,
633 3121 661 3167 ct
679 3114 811 3168 bonomm
837 3129 950 3184 opernm
981 3115 1191 3182 exhibitionem,
1212 3117 1327 3187 gratiam
1351 3118 1410 3172 eins
1428 3117 1643 3188 propitiationis,
1662 3117 1728 3174 licet
1755 3116 1866 3185 induci.

226 3203 385 3272 promereri.
411 3204 446 3259 dt
468 3206 531 3275 qnia
549 3221 598 3261 uos
614 3205 701 3276 magis
720 3205 748 3260 in
768 3205 819 3262 hoc
832 3221 961 3276 peccasse
976 3208 1177 3279 cognoscimus,
1198 3209 1244 3278 qni
1265 3207 1351 3263 l'orma
1370 3208 1465 3263 salutis
1483 3208 1609 3264 omnious
1627 3223 1688 3264 esse
1708 3208 1865 3270 ιιειιιιίιιιιι,

226 3304 253 3350 et
276 3298 398 3353 emulum
417 3313 510 3352 curam
535 3313 643 3369 gerere,
669 3305 696 3353 et
719 3313 769 3369 pcr
794 3298 983 3353 auctoritatem
1008 3299 1173 3369 imperialem
1198 3314 1343 3368 pravorum
1370 3307 1450 3363 acta,
1480 3314 1513 3353 nc
1537 3307 1642 3353 tantum
1667 3300 1864 3359 adcrescerent,

227 3391 380 3460 corrigere,
415 3390 555 3459 cupimus,
579 3389 693 3444 Domino
718 3388 796 3456 nohis
821 3383 954 3459 propitio,
985 3376 1014 3443 in
1038 3395 1183 3459 conspectu
1204 3388 1315 3458 pictatis
1345 3388 1417 3443 illius
1446 3402 1496 3457 per
1523 3387 1632 3458 dignam
1656 3387 1867 3443 satisfactionem

228 3482 335 3538 veniant
363 3481 490 3551 adipisci,
517 3492 545 3536 et
572 3496 621 3550 per
649 3479 855 3535 saluberrimam
883 3480 1095 3546 correctionem,
1125 3493 1166 3538 ret
1193 3495 1242 3550 per
1269 3480 1370 3535 honum
1397 3480 1531 3544 studium,
1552 3480 1626 3549 quod
1651 3488 1748 3536 nosue
1766 3480 1865 3538 desidia

231 3586 259 3632 ct
283 3575 435 3645 ignorantia
455 3573 586 3628 hactenns
610 3571 760 3642 neglectum
789 3579 847 3636 est,
878 3570 1002 3626 consultu
1028 3571 1147 3627 lidelinm
1165 3579 1286 3641 tempore
1306 3576 1474 3640 opportuno,
1503 3577 1635 3639 quantum
1664 3569 1693 3624 in
1723 3571 1802 3627 nohis
1819 3579 1868 3635 cst,

231 3667 427 3726 studiosissime
440 3668 596 3732 emendare,
611 3673 638 3720 et
655 3672 775 3719 nostram
795 3664 821 3718 in
841 3664 892 3720 hoc
907 3663 1071 3719 voluntatem
1090 3664 1214 3720 omnihus
1233 3660 1402 3719 manifestam
1421 3661 1519 3720 iacere
1535 3661 1709 3733 Quapropter
1727 3666 1868 3720 statuimus

231 3771 313 3832 atque
328 3759 510 3816 decrevimus
533 3773 595 3814 cum
619 3756 743 3813 consultu
768 3756 939 3813 sacerdotum
967 3764 1190 3828 caeteronrmque
1213 3757 1332 3815 fidelium
1356 3765 1527 3822 nostrorum,
1552 3758 1633 3814 huius
1652 3757 1693 3813 rei
1712 3758 1815 3830 gratia,
1835 3757 1866 3810 oh

229 3852 390 3926 placandum
409 3849 511 3905 sedicet
530 3855 624 3906 contra
644 3862 693 3903 nos
711 3848 842 3919 nobisque
861 3849 997 3905 subiectos
1014 3849 1121 3906 Domim
1140 3847 1266 3914 furorem,
1289 3856 1438 3904 conventus
1463 3848 1611 3904 eorundem
1630 3848 1821 3919 episcoporum
1842 3849 1866 3902 in

228 3952 345 4016 quatuor
368 3941 474 4014 imperii
496 3940 582 3996 nostri
601 3940 667 3995 locis
686 3940 928 4009 congruentissime
946 3940 1015 3996 lteri.
1036 3940 1128 3997 Primo
1146 3939 1249 3996 scilicet
1267 3939 1295 3994 in
1314 3937 1525 4009 lloguntiaccnsi
1544 3939 1619 4003 urhe,
1641 3938 1688 3994 uhi
1709 3940 1868 3996 conueniant

228 4032 424 4106 archiepiscopi
452 4030 611 4104 lutgarius,
633 4030 819 4097 lladahaldus,
851 4032 946 4098 llcthi,
967 4033 1134 4099 liemuinus,
1162 4047 1224 4088 cum
1250 4030 1429 4102 snllragancis
1456 4031 1521 4086 suis.
1543 4030 1668 4088 Secnmo
1699 4048 1809 4104 quoque
1841 4032 1865 4086 it

229 4126 395 4182 Parisiorum
414 4125 490 4188 nrhe,
511 4123 557 4178 uhi
576 4121 683 4177 tuturus
702 4123 815 4179 antistes
834 4122 995 4190 Senoniens,
1013 4131 1040 4179 et
1054 4125 1140 4190 Eltho,
1156 4124 1343 4193 llaguoardns,
1363 4131 1389 4178 et
1404 4122 1592 4177 Landratnnus
1610 4137 1673 4177 cum
1693 4121 1866 4195 suffraganeis

231 4219 288 4277 suis
303 4218 474 4274 conveniant.
493 4215 585 4271 Tertio
602 4228 667 4269 tero
684 4216 755 4284 apud
768 4215 938 4286 lugdunum,
959 4216 1006 4272 uhi
1019 4213 1187 4289 dgolardns,
1203 4216 1364 4281 Bernardns,
1380 4215 1529 4279 Andraeas,
1549 4212 1729 4280 Benedictus,
1743 4215 1865 4285 Agerius

231 4330 294 4370 cnm
317 4309 494 4384 suffraganeis
511 4309 567 4364 suis
591 4307 714 4364 similiter
737 4309 907 4365 conveniant.
933 4307 1037 4377 Quarto
1060 4312 1143 4367 etiam
1167 4313 1238 4381 apud
1257 4310 1383 4367 Tolosam
1401 4311 1511 4372 urbem,
1532 4322 1586 4377 qno
1605 4304 1689 4361 simul
1708 4305 1865 4362 conveniant

231 4405 334 4471 liotho,
356 4403 591 4468 Bartholomaeus,
613 4402 785 4468 Adalclmus,
806 4403 928 4475 hgiullus
958 4421 1020 4460 enm
1046 4404 1222 4476 sullraganeis
1250 4405 1317 4461 suis.
1348 4405 1377 4459 ln
1405 4404 1503 4474 quihus
1529 4399 1711 4464 conventibus
1736 4408 1862 4456 itemst·

231 4510 370 4568 quaerere,
391 4502 418 4549 et
440 4510 502 4549 cnm
521 4493 568 4549 [iet
588 4493 721 4548 adiutorio
748 4493 868 4549 iuvenire
893 4495 990 4551 dehent
1012 4495 1045 4551 de
1068 4495 1157 4551 causis
1180 4496 1214 4551 ad
1239 4493 1395 4566 religionem
1418 4491 1594 4548 christianam
1613 4496 1755 4545 eteorum
1778 4500 1866 4555 curam

231 4585 445 4658 pertinentibus,
472 4583 536 4653 quid
563 4583 763 4655 aprincipibus
790 4590 817 4638 et
846 4584 950 4655 reliquo
970 4585 1085 4657 populo,
1116 4585 1158 4640 tel
1187 4585 1226 4641 ita
1256 4593 1284 4639 ut
1308 4584 1399 4639 diuina
1428 4583 1576 4638 auctoritas
1604 4579 1685 4635 docet
1714 4586 1762 4634 aut
1792 4577 1868 4632 aliter

232 4684 364 4742 teneatur,
392 4677 433 4732 rel
457 4677 521 4747 quid
546 4677 608 4732 inde
631 4693 663 4732 ct
690 4687 766 4746 parte
790 4678 832 4733 ecl
855 4694 888 4733 cr
914 4684 968 4732 toto
993 4676 1133 4733 dimissum
1158 4677 1193 4730 sit
1213 4683 1243 4729 ut
1262 4689 1314 4728 non
1336 4680 1468 4730 tencatur.
1499 4671 1600 4728 Deinde
1618 4670 1685 4741 quid
1704 4670 1731 4726 in
1751 4672 1860 4741 ipsomn

232 4767 279 4838 qui
303 4777 426 4836 pastores
451 4768 542 4839 populi
567 4768 707 4824 constituti
732 4777 795 4824 sunt
819 4768 957 4832 moribus,
986 4769 1207 4833 conversatione,
1234 4775 1261 4821 et
1284 4767 1389 4822 actibus
1418 4765 1533 4821 inveniri
1558 4763 1645 4835 possit
1669 4764 1744 4835 quod
1762 4761 1860 4818 diuitiae

232 4859 342 4930 regulae
370 4868 451 4928 atque
476 4858 630 4914 auctoritati
654 4874 708 4913 non
735 4859 897 4921 concordet,
923 4857 1057 4927 simulque
1085 4857 1240 4921 inveniant,
1265 4871 1335 4926 quae
1357 4855 1514 4911 occasiones
1543 4854 1572 4911 in
1596 4861 1715 4924 utroque
1732 4850 1825 4908 omliuc
1840 4847 1860 4902 id

232 4945 386 5012 effecerint,
405 4955 435 5002 nt
452 4964 467 5002 a
486 4956 562 5003 recto
579 4946 687 5001 tramite
705 4945 842 5001 deviatum
861 4945 906 5000 sit.
928 4944 962 5000 tt
982 4945 1111 5016 griicquid
1128 4946 1160 5001 de
1179 4947 1220 5001 his
1237 4945 1326 5000 (tausis
1346 4943 1484 4999 inventum
1504 4942 1600 5009 luerit,
1619 4951 1676 4998 um
1695 4942 1860 5000 solertium

232 5039 410 5107 custodiatur,
435 5048 464 5096 nt
481 5039 634 5095 nullatenus
656 5038 689 5092 ad
707 5037 822 5092 aliorum
843 5037 968 5092 notitiam
987 5036 1129 5106 pervenire
1152 5026 1310 5106 permittant
1328 5041 1391 5089 ante
1415 5041 1522 5102 tempus
1539 5031 1732 5088 constitutum.
1760 5029 1794 5083 Et
1811 5032 1864 5082 idco

234 5151 305 5192 naus
324 5135 446 5191 notarius
464 5135 534 5189 inter
552 5147 647 5188 omncs
665 5130 789 5201 eligatur,
808 5129 853 5199 qui
871 5130 944 5199 quod
963 5128 1014 5198 ipsi
1033 5127 1183 5183 inuenerint
1193 5126 1338 5190 describat,
1351 5133 1379 5180 et
1395 5128 1453 5195 ipsc
1470 5124 1520 5180 suh
1539 5124 1692 5179 iuramento
1709 5117 1865 5176 maurico

235 5244 267 5283 ua
287 5243 356 5298 (pirae
374 5227 482 5282 inuenta
501 5231 529 5278 et
547 5222 650 5293 digesta
671 5221 769 5276 luerint
780 5218 925 5284 diligenter
943 5219 1110 5289 fideliterque
1128 5225 1277 5275 conseruet.

981 5332 1097 5390 NOTAE.

271 5445 284 5472 u
305 5451 314 5482 ι
332 5429 471 5494 hutonem,
492 5430 579 5497 inquit
598 5427 750 5492 Gollastus,
772 5425 869 5489 intruit,
888 5425 932 5493 quii
946 5422 1061 5495 Sara-G
1076 5439 1129 5477 uon
1148 5430 1237 5491 potest
1257 5435 1317 5476 esse
1329 5433 1403 5474 rora.
1418 5417 1510 5474 Satius
1522 5425 1565 5473 cst
1583 5418 1635 5472 ista
1653 5412 1828 5495 interpretari
1840 5413 1871 5468 dt

236 5516 364 5555 curm-um
377 5500 461 5568 copiis
476 5515 587 5569 regnum
600 5498 764 5553 Francorum
774 5495 917 5564 populatus
930 5502 1020 5548 erat.»
1078 5493 1199 5561 llulgaris
1217 5499 1245 5544 et
1258 5490 1349 5553 hunis,
1365 5504 1432 5559 quos
1449 5487 1476 5542 in
1497 5502 1609 5559 regnum
1622 5485 1754 5541 Ludorici
1772 5499 1872 5566 ingres·

237 5571 346 5624 :incurris
363 5568 477 5624 deiectio
492 5580 519 5623 et
536 5570 649 5638 irruptio
670 5570 695 5622 in
718 5582 827 5635 rcgrnnn
841 5581 903 5620 enm
917 5564 1024 5620 aurtiliis
1078 5579 1122 5617 sus
1135 5561 1339 5616 esselmstilitcr
1353 5576 1424 5614 ιιιιιιο
1434 5559 1486 5614 828
1498 5567 1526 5612 et
1539 5557 1643 5626 aliquas
1655 5556 1737 5609 rillas
1754 5556 1817 5624 igne
1837 5571 1873 5606 ru-

239 5645 434 5693 Saracenorum
447 5640 558 5708 contigit
573 5655 643 5696 anun
656 5637 890 5703 stadingorum
906 5628 935 5687 ui
947 5634 1025 5716 ligin-
1075 5632 1148 5700 jecto
1163 5646 1351 5687 cotirrrtrtasse
1369 5630 1451 5684 tradit
1473 5639 1569 5684 auctor
1584 5628 1652 5682 iiten
1675 5625 1810 5680 Ludo-ici
1824 5624 1872 5678 l‘ii.

232 5710 337 5766 hardus
359 5709 441 5763 tradit
463 5711 490 5764 in
513 5710 670 5769 lunaticus.
696 5709 786 5776 ltarpn·
801 5705 921 5760 (luiriasti
936 5705 1026 5774 opinio
1080 5704 1178 5758 ιιιιιι.
