3826 6112
50 305 53 311 .
133 252 184 312 ott
536 243 566 300 lt.
588 241 717 302 ciboti
732 238 844 296 uultui·
856 240 931 297 (teu.
951 240 1042 296 PARS
1059 241 1079 295 l.
1100 241 1219 298 secuto
1236 240 1353 298 Pullis.
1710 238 1761 296 bii

133 365 258 421 etodium
270 361 319 418 ilel
337 369 424 420 nortot
441 359 477 414 od
495 358 634 413 uindictam
656 357 802 418 meorum,
819 369 872 408 nou
886 353 919 408 de
932 354 957 414 Δ
969 352 1193 409 sollicitudinibus
1206 353 1348 408 mundonis
1360 357 1491 422 quantum
1501 347 1617 422 potestis
1627 362 1752 403 vosexua

133 454 254 524 quolibet
265 452 327 507 alio.
341 450 461 506 Econtra
472 463 536 502 vero
550 449 699 509 nescimus,
717 446 781 515 qnia
790 443 922 515 pernoxia
973 443 1017 499 tis.
1035 451 1063 500 et
1075 445 1146 514 quod
1162 451 1251 498 tantae
1263 443 1315 498 dici
1329 441 1499 497 venerationi
1513 441 1659 512 competit,
1671 450 1700 495 et
1715 455 1767 494 ros

135 542 288 598 inventione
302 536 631 604 anonuullisusurpatum
643 542 694 598 est,
712 531 923 603 uthiquinullo
972 531 1092 594 faciatis,
1107 541 1135 589 et
1152 541 1257 588 vestros
1270 546 1348 587 sacro
1369 538 1459 586 vestro
1481 529 1606 600 exemplo
1624 527 1767 586 edoceatis

135 629 285 688 ministerio
308 627 415 698 publico
440 626 596 687 iniciuntur,
620 634 731 698 propter
752 625 874 680 suuodia
895 632 923 678 et
975 627 1004 674 et
1016 635 1098 690 agere
1113 621 1295 691 compelletis.
1315 678 1318 683 ,

134 718 331 776 diversissimas
351 722 502 771 voluntates
523 729 668 785 pessum,
695 712 847 769 indebitum
871 710 923 767 sibi
1007 713 1050 766 15.
1067 710 1122 767 lle<¹
1134 711 1308 781 perceptione
1319 726 1385 767 vcro
1394 710 1464 766 sarri
1474 709 1600 780 corporis
1609 719 1639 764 et
1650 703 1766 780 mugni-

135 816 266 879 usurpant
277 809 305 863 in
315 804 481 863 vindicandis
494 803 624 875 proximis
643 803 713 858 etin
731 800 924 857 iutertlciendis
973 799 1018 856 nis
1027 799 1134 856 bomini
1143 799 1339 856 nichilominus
1349 808 1536 865 monemus,ut
1548 797 1621 867 quod
1636 799 1768 853 clrristra·

136 902 145 933 ¹
158 896 311 955 hominibus
326 895 461 951 vindictae
475 891 666 956 ministerium,
681 898 708 946 et
726 891 798 962 quod
809 905 857 946 rex
872 887 925 945 sal·
974 909 1025 948 nae
1035 892 1155 962 religioni
1169 890 1290 960 expedit,
1305 887 1377 943 sient
1389 886 1465 941 vobis
1488 899 1503 938 a
1522 881 1646 953 patribus
1665 881 1769 938 nosmb

137 991 184 1046 tim
209 990 235 1045 iu
258 1006 313 1046 uuo
336 1003 463 1044 exercere
483 989 493 1018 ¹
512 987 641 1042 debuerat
660 993 770 1055 propter
792 993 925 1039 terrorem
974 986 1140 1041 admonitum
1151 990 1193 1038 est
1205 983 1231 1036 iu
1243 980 1303 1035 aliis
1316 977 1501 1039 conventibus,
1515 975 1622 1045 quando
1637 972 1784 1044 possibile*

136 1082 292 1145 multorum,
307 1081 357 1150 iusi
372 1079 532 1149 inludenter
545 1077 573 1132 in
590 1076 681 1131 multis
702 1083 859 1146 perpetrare
871 1089 925 1129 non
975 1079 1056 1133 tuerit
1068 1077 1181 1141 iacietis,
1196 1084 1224 1131 et
1234 1082 1325 1129 vestro
1341 1070 1464 1141 exemplo
1482 1069 1558 1125 vobis
1573 1067 1770 1123 inmutantibus
1784 1126 1790 1133 ,

137 1180 260 1228 metuunt
272 1181 383 1242 propter
395 1167 501 1233 odium,
517 1178 544 1224 et
556 1175 652 1238 putant
668 1165 719 1223 sibi
739 1167 819 1221 licere
832 1167 867 1221 ob
878 1165 927 1220 iui-
975 1180 1005 1225 ut
1016 1167 1177 1226 discruciant
1193 1165 1342 1222 instruatis.

138 1261 296 1318 urititiarum
309 1258 451 1325 vindictas,
470 1258 542 1328 quod
558 1256 652 1312 nolunt
671 1264 701 1310 ut
710 1270 757 1310 rex
772 1253 853 1310 iaciat
864 1269 928 1327 pro-
1012 1259 1055 1314 11.
1076 1258 1137 1314 lie¹¹
1155 1257 1271 1328 copitulo
1288 1252 1420 1327 siquidem
1432 1249 1504 1326 quoi
1512 1256 1622 1327 propiet
1635 1247 1772 1312 ltouotcut

135 1364 197 1424 pter
209 1352 257 1407 Ilei
269 1348 424 1407 vindictam.
780 1334 787 1347 ⁹
976 1349 1186 1407 ecdesiasticuu
1207 1351 1233 1404 in
1252 1349 1370 1420 generali
1392 1357 1527 1404 conventu
1554 1356 1645 1404 vestra
1663 1349 1673 1380 ¹
1689 1341 1771 1404 eelsi-

174 1444 217 1499 to.
238 1444 301 1498 ile·
316 1439 459 1498 abbatibus
472 1454 537 1494 vero
551 1437 689 1494 cononicis
701 1446 728 1494 et
747 1435 926 1509 regularibus,
977 1442 1041 1496 urdo
1058 1456 1088 1496 se
1104 1440 1233 1506 constitui
1256 1440 1326 1496 velle
1349 1440 1481 1505 decrevit,
1507 1440 1696 1496 tantummodo
1724 1455 1770 1496 vo·

138 1539 166 1587 et
178 1533 211 1590 de
224 1528 369 1587 abbatissis
379 1543 451 1600 quoe
462 1526 709 1583 sanctimonialibus
720 1541 830 1598 preesse
839 1524 929 1579 videu-
977 1538 1061 1586 stram
1082 1529 1210 1602 pietatem
1231 1531 1416 1602 deposcimus,
1434 1536 1463 1585 ut
1480 1532 1627 1587 secundum
1650 1531 1700 1586 ilci
1724 1547 1768 1587 vo·

139 1631 194 1686 tur,
211 1620 310 1677 sivede
324 1619 400 1674 iaicis
417 1616 464 1688 qui
484 1615 649 1672 monasterio
670 1617 787 1683 babent,
805 1616 870 1669 illud
883 1630 928 1671 ve·
977 1620 1108 1677 luntatcm
1120 1624 1191 1692 quod
1204 1622 1299 1679 meiius
1308 1621 1406 1678 exinde
1423 1623 1500 1678 vobis
1517 1622 1605 1678 visum
1622 1620 1716 1688 luerit,
1738 1622 1775 1679 ati

140 1720 213 1767 strae
224 1708 317 1781 pietati
329 1707 512 1778 deposcimus,
527 1714 558 1762 ut
569 1722 641 1763 nuuc
659 1706 686 1763 in
697 1706 816 1778 presenti
831 1705 930 1778 placito
943 1693 969 1756 B
981 1712 1106 1769 elfegum
1122 1714 1284 1784 perducatis,

141 1807 259 1855 svestra
283 1799 429 1854 serenitate
442 1811 569 1870 expresse
586 1799 791 1864 admoneantur,
807 1805 837 1853 ut
849 1798 882 1854 de
902 1813 932 1854 se
1506 1824 1508 1829 ·

141 1892 207 1962 ipsis
226 1890 340 1946 coeteris
361 1890 462 1945 bonum
478 1890 629 1961 exemptum
650 1891 813 1961 praebeant,
833 1888 933 1945 etreli·
982 1850 1027 1905 DE
1045 1849 1101 1906 ffls
1118 1849 1211 1918 QUAE
1236 1850 1372 1909 popum
1393 1849 1640 1954 mmmm
1668 1851 1774 1909 sum·

141 1983 215 2054 giose
225 1981 294 2037 sicut
306 1982 383 2038 decet
392 1988 630 2047 conversentur,et
640 1982 713 2051 qood
723 1981 933 2051 uniuscuiusque
1020 1982 1086 2038 ltem
1102 1981 1220 2052 copitulo
1251 1982 1276 2037 1.
1296 1981 1354 2039 lloc
1374 1980 1383 2021 ¹
1403 1981 1657 2038 admonendumvel
1673 1982 1778 2037 denum

140 2071 301 2143 professioni
324 2069 517 2127 inconveniens
527 2077 570 2126 cst
584 2077 611 2126 et
634 2071 662 2125 in
675 2068 760 2126 sacris
785 2068 934 2126 senonibus
983 2070 1105 2127 tiendum
1124 2070 1245 2128 fidelibus
1258 2072 1410 2133 necessario
1421 2071 1598 2144 providimus,
1610 2080 1640 2126 ut
1654 2073 1668 2111 ὅ
1682 2071 1712 2127 tri
1727 2068 1777 2141 qui

140 2162 306 2234 prohibetur.
320 2160 430 2217 omnino
445 2167 567 2226 caleam,
589 2168 618 2217 ei
637 2161 696 2218 ¹0oe
715 2161 766 2217 silli
788 2176 804 2215 ι
823 2159 933 2219 vobi⁸⁸
984 2166 1065 2222 iidem
1075 2165 1175 2224 Christi
1198 2173 1327 2236 expetunt
1351 2173 1378 2220 et
1398 2173 1541 2237 provectae
1568 2163 1667 2219 aetatis
1694 2170 1775 2229 sont,

140 2265 270 2307 concessa
292 2249 409 2320 diripere
431 2257 459 2305 el
479 2248 580 2306 destrui
600 2266 649 2321 pet·
664 2250 859 2321 neclegentiam
880 2264 934 2306 uun
983 2256 1141 2328 priusquam
1164 2258 1197 2313 ad
1212 2257 1374 2328 baptismum
1395 2257 1542 2321 accedant,
1560 2254 1734 2310 instruantur
1747 2261 1779 2309 et

142 2342 293 2404 demittant.
306 2349 333 2395 n
344 2342 566 2411 consutiones
579 2340 629 2397 sibi
643 2341 801 2397 commissas
814 2341 872 2397 sive
884 2341 936 2413 sni·
985 2348 1047 2406 idei
1064 2356 1091 2403 et
1107 2348 1275 2418 baptismatis
1290 2356 1468 2404 conuento.
1490 2344 1623 2401 similiter
1636 2353 1666 2401 et
1681 2343 1720 2400 itu
1735 2343 1778 2399 in·

142 2431 259 2487 titillet
270 2428 326 2484 «ille
342 2430 523 2500 l⁴³¹1¹ll⁰l³lilll
533 2438 646 2502 tillem
663 2429 761 2486 lffeciu
773 2431 933 2502 gubernate·
985 2439 1104 2494 struendi
1118 2452 1188 2502 sunt,
1203 2437 1249 2509 qui
1266 2437 1393 2508 parvulos
1405 2437 1527 2493 desuem
1549 2433 1623 2490 toute
1634 2434 1777 2505 suspicere

142 2523 236 2593 eisque
251 2519 404 2576 neccssaria
423 2520 555 2591 stipendia
575 2521 765 2577 administrare
779 2538 833 2578 nou
844 2522 935 2594 negle·
984 2528 1127 2594 voluerint,
1145 2536 1174 2583 ιιι
1190 2528 1344 2600 intellegunt
1358 2536 1386 2582 et
1397 2527 1582 2582 vlmcinsdcm
1600 2522 1777 2591 sacramenti,

72 2690 74 2696 Α
144 2621 225 2686 gant;
240 2625 274 2667 ne
287 2609 357 2666 iorte
375 2620 487 2682 propter
505 2611 623 2682 aliquam
641 2612 758 2683 inopiam
778 2613 867 2670 divina
881 2612 936 2669 oili·
984 2625 1013 2674 ct
1022 2620 1093 2689 quod
1110 2635 1159 2689 pro
1171 2619 1231 2674 aliis
1242 2618 1434 2690 spoponderint
1448 2617 1490 2672 vel
1507 2631 1556 2688 per
1565 2613 1779 2686 quos¹iideius=

143 2703 185 2759 cio
197 2702 383 2774 neglegantur,
397 2709 425 2756 et
436 2701 511 2771 ipsae
520 2703 744 2774 congregationes
753 2702 935 2775 inreligiosius
984 2724 1061 2764 sores
1077 2709 1223 2765 extiterint.
1236 2710 1298 2766 illos
1310 2718 1399 2765 umen
1413 2707 1565 2779 specialiter
1574 2708 1610 2763 ab
1621 2706 1667 2763 bis
1682 2705 1780 2762 odietis

143 2795 235 2850 vibere
247 2792 443 2863 conpellantur,
457 2802 485 2849 et
499 2803 529 2850 ut
539 2803 658 2850 nostram
678 2796 889 2853 admonitionem
903 2797 936 2853 li·
984 2801 1160 2856 removendos
1172 2801 1335 2864 indicamus,
1354 2816 1388 2855 ne
1399 2799 1467 2855 alios
1485 2799 1518 2854 de
1530 2805 1708 2853 sacrosancto
1720 2795 1780 2850 iou·

144 2887 239 2942 benter
260 2885 380 2950 audiant,
402 2885 517 2957 benigne
543 2887 699 2958 suscipiant,
722 2895 749 2942 et
762 2887 935 2943 oboedienter
985 2890 1020 2947 tis
1036 2889 1393 2963 baptismutc¹suscipiout‚
1409 2903 1458 2945 nec
1473 2886 1554 2942 ctiam
1571 2884 1606 2940 ud
1627 2883 1781 2956 percipien-

142 2979 317 3048 adiruplennt.
338 2976 471 3046 Quoniam
494 2977 516 3033 si
531 2978 569 3033 iili
583 2978 682 3034 nostris
705 2979 934 3034 admonitionibus
985 2981 1049 3037 dum
1063 2979 1148 3036 sancti
1160 2978 1278 3049 Spiritus
1290 2979 1388 3034 donum
1402 2978 1515 3035 aliorum
1525 2976 1633 3047 patroni
1648 2975 1778 3039 existant,

144 3069 292 3138 paruerint,
316 3084 367 3124 nos
386 3069 442 3124 lieo
453 3068 622 3125 auxiliante¹
647 3069 673 3124 id
684 3084 733 3140 per
745 3077 867 3125 nostrum
879 3078 937 3124 stu·
949 3054 973 3118 C
987 3070 1071 3142 quiet
1090 3070 1279 3126 communione
1293 3068 1422 3125 canomco
1444 3068 1552 3140 privati,
1570 3075 1599 3124 et
1612 3066 1779 3137 penitent'me

145 3161 219 3216 dum
239 3175 288 3231 pro
307 3161 410 3216 viribus
432 3159 538 3217 edicere
560 3161 692 3234 cupimus,
715 3169 744 3218 ut
767 3162 825 3233 ipss
842 3163 937 3235 religio
986 3156 1165 3227 pubucesnut
1181 3155 1301 3222 subacti,
1322 3157 1406 3212 donec
1427 3172 1476 3227 per
1489 3154 1657 3226 penitenti-ue
1671 3152 1781 3210 satista-

145 3265 252 3322 sempcr
263 3251 291 3306 in
306 3251 403 3307 melius
422 3252 558 3322 proiciat,
581 3261 609 3309 et
625 3268 729 3309 merces
750 3255 938 3312 subiunximus
987 3249 1103 3304 ctionem
1116 3247 1361 3304 reconciliationem
1374 3253 1537 3302 mereantur.
1556 3245 1631 3313 Quos
1647 3244 1720 3300 enlm
1736 3241 1779 3299 lex

145 3349 259 3407 crescm,
281 3355 386 3397 necnon
405 3342 595 3413 etpericnlum
612 3351 743 3413 quantum
767 3344 825 3401 lieri
848 3352 938 3416 potest
987 3338 1116 3395 diuinaet
1131 3335 1419 3394 auctoritascunonica
1433 3336 1467 3391 ab
1481 3334 1660 3391 ecclesiarum
1680 3331 1778 3388 limini-

145 3440 274 3492 cuveatnr
297 3432 488 3498 'animarum
512 3427 588 3489 et'ab
611 3435 724 3490 auribus
743 3436 841 3492 vestris
863 3449 939 3492 amo-
987 3432 1038 3486 bus
1052 3437 1107 3485 eta
1127 3426 1224 3484 castris
1246 3428 1267 3459 ¹¹
1280 3426 1452 3491 militaribus,
1474 3441 1508 3480 ue
1522 3425 1601 3479 ruina
1616 3424 1673 3479 sint
1688 3420 1779 3494 populi

146 3531 243 3576 veatur
254 3536 305 3592 pro
314 3521 367 3578 bac
380 3537 463 3578 causa
480 3523 582 3578 tedium
592 3524 784 3593 querellurum.
988 3529 1149 3592 sequestrat,
1166 3519 1251 3575 multo
1263 3518 1349 3590 magis
1359 3518 1394 3573 ab
1405 3518 1448 3573 bis
1458 3517 1544 3573 sacris
1555 3517 1577 3548 ¹¹
1587 3515 1685 3571 oiilciis
1695 3527 1779 3585 usque

182 3613 227 3667 11.
246 3612 418 3668 Postulamus
432 3614 446 3654 b
460 3614 552 3680 ctiam,
565 3623 595 3669 ut
606 3614 737 3672 celsitudo
746 3624 836 3672 vestra
849 3615 939 3674 missis
987 3615 1022 3671 ad
1033 3625 1138 3685 tempus
1147 3611 1328 3683 poeniteutiae
1348 3618 1378 3666 ut
1390 3610 1443 3664 ium
1457 3609 1559 3665 dictum
1569 3614 1612 3664 est
1626 3614 1777 3678 peractum,

147 3703 245 3758 vestris
267 3703 420 3774 specialiter
442 3704 571 3776 iniungat,
596 3713 627 3760 ut
639 3706 673 3762 ad
694 3706 761 3762 baec
786 3708 939 3778 peragenda
988 3710 1060 3761 sunt*
1068 3702 1264 3774 sequestrandi.

147 3794 261 3851 studiosi
271 3802 302 3850 et
315 3794 371 3849 veri
388 3793 534 3861 adiutores,
553 3795 716 3867 ubicumque
731 3797 879 3853 necessitas
891 3811 940 3869 po·
1022 3797 1050 3852 2.
1070 3794 1106 3853 ut
1117 3797 1132 3837 l
1143 3802 1220 3851 extra
1230 3800 1330 3850 statuto
1341 3798 1460 3862 temporo
1471 3804 1606 3846 canonum
1615 3788 1779 3860 bsptisneta

146 3883 275 3954 1111101ιὶ1,
289 3883 368 3939 nobis
385 3883 515 3940 existant.
988 3904 1042 3944 nou
1053 3887 1237 3950 celebrentur,
1255 3883 1318 3953 quia
1334 3882 1404 3938 sacri
1421 3896 1538 3938 canones
1553 3881 1606 3936 boc
1620 3880 1710 3937 modis
1724 3893 1781 3936 om·

185 3977 228 4032 {2
248 3977 286 4031 ilc
298 3987 309 4016 ι
319 3975 477 4045 presbiteris
487 3983 513 4032 et
526 3976 670 4046 capellanis
685 3977 831 4050 ¹palatinis
844 3988 939 4036 contra
989 3982 1077 4045 uibus,
1093 3977 1145 4034 nisi
1160 3976 1261 4047 aliquid
1276 3975 1425 4045 periculum
1443 3972 1591 4037 institerit,
1610 3970 1670 4026 lieri
1688 3968 1780 4042 prohi-

148 4070 307 4128 callonicem
322 4070 512 4124 auctoritatem
527 4077 555 4125 et
566 4070 792 4127 aecclesiasticam
811 4072 940 4128 honesta·
989 4073 1066 4136 bent,
1084 4071 1110 4126 in
1128 4077 1231 4125 tantum
1248 4075 1279 4124 ut
1295 4068 1377 4123 etiam
1392 4082 1440 4122 eos
1463 4065 1510 4136 qui
1527 4064 1580 4120 alio
1597 4072 1722 4135 tempore
1733 4064 1779 4119 tn-

149 4171 203 4216 tem
218 4159 367 4215 inconsulte
378 4159 487 4228 habitis,
499 4167 617 4215 vestram
628 4175 768 4216 monemus
780 4160 937 4228 sollertiam,
989 4163 1134 4232 ptizautur,
1148 4176 1163 4215 a
1176 4160 1303 4231 gradibus
1317 4156 1506 4213 ecclesiasticis
1516 4161 1639 4210 arceant.

150 4260 179 4305 ut
198 4259 313 4305 svestra
325 4257 459 4320 potestate
476 4249 664 4306 inhibeantur:
683 4249 811 4321 quoniam
830 4261 941 4323 propter
1024 4253 1051 4308 5.
1072 4252 1132 4306 bct
1152 4266 1183 4306 eo
1204 4250 1286 4305 etiarn
1308 4247 1465 4302 instruendo
1486 4245 1579 4302 fideles
1600 4242 1779 4300 necessarium

150 4339 238 4394 bocet
249 4339 336 4394 bonor
353 4338 552 4396 ecclesiasticus
571 4340 650 4397 vilior
670 4340 794 4406 efficitur,
811 4349 838 4396 et
856 4342 938 4397 vestri
991 4343 1181 4413 praevidimus,
1194 4349 1225 4395 ut
1235 4339 1391 4410 intellegent
1405 4347 1512 4408 pactum
1528 4335 1601 4407 quod
1615 4351 1678 4391 cnm
1689 4334 1744 4390 ileo
1754 4335 1780 4389 ie

149 4443 275 4499 proceres
284 4435 311 4483 et
323 4428 436 4497 palatini
456 4430 571 4486 ministri
593 4431 620 4486 in
638 4431 732 4488 diebus
751 4431 936 4498 sollemnibus,
953 4392 980 4453 υ
992 4432 1152 4503 baptismate
1176 4430 1308 4487 iecerunt.
1330 4431 1441 4485 Pactum
1458 4428 1609 4498 quodcum
1620 4427 1677 4482 Deo
1694 4427 1722 4481 io
1735 4427 1782 4481 ba-

150 4517 221 4572 sicut
243 4518 336 4584 decet,
360 4519 502 4574 vobiscum
529 4520 720 4576 admissurum
741 4521 941 4578 celebrationes
991 4525 1118 4595 ptismate
1140 4523 1162 4554 ¹¹
1184 4521 1223 4587 tit,
1243 4537 1259 4575 a
1276 4520 1369 4576 multis
1383 4536 1416 4576 ex
1435 4527 1500 4586 toto,
1519 4518 1645 4574 amultis
1664 4526 1781 4587 exparte
1821 4558 1828 4565 .

151 4621 203 4661 non
215 4606 445 4675 numennumen
455 4614 483 4662 ct
497 4608 596 4665 obnixe
606 4612 790 4679 deprecamur,
806 4618 837 4665 ιιι
852 4611 879 4666 in
892 4612 940 4667 ob-
994 4611 1199 4684 transgreditur.
1218 4609 1259 4664 Ex
1270 4617 1325 4665 toto
1340 4609 1439 4680 quippe
1455 4606 1663 4677 transgreditur,
1675 4604 1828 4676 quaudo*

151 4695 302 4751 servatione
314 4695 366 4750 diei
379 4694 515 4763 dominici,
529 4696 608 4753 sicuti
624 4698 678 4753 iam
694 4699 794 4754 dudum
805 4699 940 4769 deprecati
994 4705 1055 4775 quis
1070 4703 1092 4735 ¹¹
1103 4708 1164 4773 post
1174 4709 1312 4770 acceptum
1328 4698 1498 4769 baptismatis
1508 4696 1624 4768 gratiam
1637 4704 1685 4750 rut
1697 4695 1732 4749 ad
1742 4694 1828 4749 in·-

150 4799 254 4849 strmus,
266 4784 386 4841 debitam
396 4785 546 4841 adhibeatis
558 4802 663 4850 curam,
675 4786 804 4856 quatinus
817 4788 871 4843 uisi
883 4805 941 4844 ma·
995 4792 1150 4849 fidelitatem
1162 4791 1253 4844 autad
1269 4788 1385 4843 beresiru
1398 4793 1444 4841 aut
1457 4793 1532 4840 certe
1542 4786 1576 4838 ad
1591 4783 1711 4838 schisma
1720 4797 1828 4852 pro—

150 4883 203 4946 gna
215 4874 382 4945 conpellente
404 4874 580 4941 necessitate,
605 4875 633 4930 in
651 4875 708 4946 ipsa
725 4876 768 4932 die
790 4891 806 4931 a
828 4878 901 4934 curis
914 4888 942 4935 et
995 4884 1110 4947 lubitum
1124 4888 1244 4950 exparte
1254 4894 1326 4945 uero,
1340 4877 1447 4932 onnudo
1457 4875 1518 4944 quis
1527 4880 1574 4926 aut
1585 4875 1621 4928 ud
1630 4872 1828 4942 superbum

756 4967 953 5030 unuuuuus
968 4971 1168 5031 luculentus,

191 5065 467 5124 ¹iuterieciendise.
503 5064 676 5119 ¹exercuere
701 5078 726 5120 c.
763 5061 904 5120 'nobisc
941 5066 1131 5120 ¹arvrriantec.
1167 5064 1306 5118 ’curratur
1325 5078 1348 5117 c.
1386 5062 1558 5133 ‘capedine
1595 5067 1728 5123 ’uestrae
1751 5079 1828 5120 με

154 5137 197 5196 ¹i.
214 5153 236 5191 e.
253 5137 433 5209 etquidem.
449 5152 472 5191 s.
485 5150 512 5189 v.
526 5150 576 5204 pro
588 5132 701 5204 quibus.
739 5133 1109 5204 'teiontcbsptismaris
1148 5131 1655 5193 ¹¹etscastriscorr.etacunouicis.
1694 5138 1715 5171 ¹¹
1728 5132 1828 5192 mid

155 5206 281 5264 litoribus
284 5246 340 5266 .....
352 5206 438 5264 sacris
453 5205 550 5260 derunt
567 5220 591 5258 c.
633 5201 789 5259 ¹¹ieeerunt
792 5242 849 5259 .....
866 5205 1032 5272 baptismate
1049 5205 1142 5258 derunt
1158 5221 1185 5274 p.
1223 5201 1343 5273 ¹¹quic.

911 5296 1029 5355 NOTAE.

190 5410 201 5432 ·
223 5398 255 5454 L.
273 5413 315 5462 ut,
333 5396 379 5452 i8.
1028 5390 1039 5430 ¹
1063 5390 1327 5447 lliuciudcridditio
1344 5389 1533 5449 deuerticuli,

190 5472 205 5512 b
226 5470 257 5523 L.
277 5485 319 5533 ιιι,
336 5467 383 5522 19.
1028 5463 1042 5501 ⁸
1061 5463 1093 5517 L.
1114 5479 1132 5526 t,
1152 5463 1197 5526 51,
1212 5478 1241 5534 p.
1259 5462 1329 5518 iuss

193 5552 204 5580 ι
226 5539 295 5596 ibid.
1028 5528 1042 5569 ¹¹
1063 5533 1094 5586 l..
1111 5548 1129 5595 r,
1148 5533 1175 5588 8.

194 5609 207 5649 i
228 5608 258 5662 L.
281 5626 323 5672 ιιι,
341 5607 387 5663 eu.
1032 5600 1039 5639 ⁵
1063 5602 1093 5656 L.
1108 5618 1127 5668 t,
1146 5604 1173 5661 9.

193 5677 255 5734 ·b.
276 5694 316 5748 ut,
335 5677 380 5735 it.
