3826 6112
141 341 194 398 ιιό
596 333 625 388 Β.
645 331 770 389 (ἰιιιιῡιι
791 330 897 387 naum
916 328 991 385 OPP.
1012 327 1102 384 rans
1119 328 1140 383 l.
1161 325 1282 384 secato
1301 328 1322 381 Ι.
1722 326 1769 383 ιιι

104 431 109 445 ’
138 455 171 511 de
182 467 237 508 uuo
251 447 311 506 loco
327 450 361 504 ad
374 447 492 503 alterum
511 450 630 497 trauseat
648 443 789 523 episeopus
807 441 865 496 siue
879 442 924 496 de·
940 441 1112 502 demandari
1127 440 1278 511 ⁸cogantur
1289 440 1323 494 ab
1338 439 1391 503 lais,
1403 438 1449 508 qui
1459 440 1772 497 easrestanraredebue.

136 532 212 580 creto
231 522 425 590 episcoporum,
447 515 488 569 rel
514 513 629 568 clerium
650 528 709 567 saue
731 512 849 567 iussione
872 512 925 580 cpi·
976 521 1048 567 ruat.
1061 511 1090 566 Si
1101 527 1165 566 vcro
1174 526 1222 580 por
1232 509 1467 579 inpossibilitatem
1478 509 1602 578 contigit,
1615 518 1647 563 ut
1660 521 1707 566 aut
1718 518 1773 581 plu.

139 594 213 662 scopi
229 592 282 646 sui.
975 583 1060 639 riores
1071 583 1125 636 sint
1143 597 1224 651 qrram
1237 595 1349 636 neeesse
1362 579 1408 642 sit,
1420 588 1466 633 aut
1480 579 1592 635 maioris
1603 582 1766 650 maguitudi-

172 662 234 717 aot.
254 661 292 714 Dr
316 656 429 713 roolenis
453 653 491 709 ael
513 652 640 706 ultoribus
665 651 803 721 anrbipnis.
827 652 862 708 tn
879 667 924 707 m-
974 655 1108 723 uisuuam
1126 661 1157 706 ut
1167 667 1199 707 en
1212 653 1293 706 rebus
1306 650 1393 706 adeas
1403 650 1600 719 pertinentibus
1622 654 1771 709 restaurari

137 733 235 788 clesiae
249 729 291 783 vel
308 728 416 785 altaria,
432 741 501 794 utrae
518 723 641 792 arrtbigua
658 731 721 777 suat
740 721 773 777 de
784 739 925 778 consecra·
973 726 1087 794 possint,
1102 723 1243 792 episcopus
1261 721 1369 775 morium
1381 721 1510 783 inveniat,
1519 720 1639 790 qualiter
1660 736 1772 793 congano

137 804 218 864 tione,
238 807 440 856 consecrentur.
974 796 1111 861 emendari
1127 803 1153 848 ot
1170 792 1317 849 consistere
1330 792 1445 861 possint.

170 872 233 927 ιιι.
254 871 292 924 lio
304 869 437 923 ebrietate.
458 864 494 921 Ut
511 865 545 919 ab
558 863 689 918 ebrietate
703 862 790 931 primo
804 864 925 919 ouruinm
1009 864 1071 919 ete.
1087 864 1185 926 Deliis,
1202 864 1247 934 qui
1263 878 1345 917 trenas
1366 860 1377 893 ι
1394 871 1418 914 et
1438 859 1552 916 decianus
1570 862 1637 918 dure
1658 861 1773 932 aeginae-

136 942 257 997 seuiores
276 939 434 1008 semetipsos
456 944 584 998 careant,
607 944 634 988 ot
655 949 750 988 eorum
774 935 927 990 iunioribus
975 935 1223 1003 runt.1)ebis‚qui
1250 941 1375 987 nouaset
1393 930 1580 991 decimasiam
1601 948 1656 1003 per
1677 934 1775 992 multos

135 1011 400 1081 crempluurbouum
413 1005 567 1063 sobriemtis
580 1005 735 1058 ostendant.
975 1020 1061 1060 auarus
1081 1013 1129 1059 aut
1150 1020 1184 1058 ea
1205 1012 1282 1074 parte
1295 1009 1342 1057 aut
1363 1017 1397 1056 ex
1419 1007 1476 1056 toto
1498 1001 1563 1056 dare
1579 1004 1771 1074 neglexerunt,

171 1081 233 1136 aba.
249 1081 288 1135 De
304 1079 480 1134 admonitione
497 1075 530 1129 ud
548 1075 653 1128 comites
669 1090 715 1144 pro
732 1073 844 1129 utilitate
864 1091 926 1129 sun·
975 1076 1099 1130 volumus
1118 1083 1149 1130 ut
1171 1088 1219 1144 per
1240 1073 1339 1128 missos
1360 1080 1468 1127 nostros
1486 1074 1724 1146 constringantur,
1745 1081 1772 1130 ut

136 1161 192 1206 etue
208 1151 258 1205 Dei
274 1149 407 1204 ecciesiae.
430 1147 512 1202 Vobis
530 1144 675 1200 cultricibus
691 1144 805 1199 dicimus
826 1159 927 1213 vosque
976 1147 1122 1201 seeundum
1149 1143 1325 1214 capitularem
1350 1143 1468 1212 priorem
1498 1143 1606 1198 solvant
1633 1160 1720 1200 nonas
1747 1151 1773 1200 et

39 1246 43 1255 ·
136 1236 347 1284 commonemus,
358 1218 421 1288 arria
438 1217 600 1271 advestruar
617 1214 795 1269 ministerium
809 1216 925 1270 maxime
976 1217 1165 1274 deeimaseum
1182 1231 1231 1272 sua
1248 1214 1307 1285 lege
1318 1222 1346 1268 et
1365 1214 1475 1281 iusuper
1493 1213 1616 1269 bannum
1638 1223 1771 1271 nostrum.

135 1292 262 1361 pertinet,
276 1299 307 1344 ιιι
319 1288 498 1344 reverentiam
510 1294 537 1340 et
548 1286 677 1339 honorem
692 1294 801 1339 sanetae
815 1285 863 1339 liei
882 1300 927 1339 ce-
976 1286 1011 1341 tn
1023 1287 1074 1342 boe
1085 1286 1126 1342 eis
1144 1287 1328 1349 denuntietur,
1349 1284 1420 1354 quod
1445 1282 1611 1354 quicumque
1635 1287 1707 1341 baae
1727 1301 1771 1341 ne

135 1362 234 1417 elesiae
248 1360 414 1422 exhibeatis,
430 1366 458 1411 et
475 1371 536 1410 cnm
554 1354 687 1422 episeopis
702 1356 799 1410 vestris
816 1370 928 1411 coneor-
996 1356 1139 1426 legentiam
1152 1357 1298 1421 iteraverit,
1312 1353 1475 1410 benolicium
1495 1353 1567 1410 uude
1585 1355 1657 1411 baec
1668 1366 1772 1414 uonaet

136 1432 206 1487 diter
220 1431 316 1486 rivalis
330 1437 358 1484 et
373 1430 413 1484 cis
429 1425 592 1480 adiutorium
604 1423 638 1477 ad
654 1440 733 1504 suum
748 1425 927 1480 ministerium
977 1373 1081 1482 isarna
1097 1427 1213 1496 persolvi
1225 1426 1326 1485 debuit,
1341 1424 1502 1479 aauaissurum
1513 1440 1543 1479 se
1555 1426 1638 1481 sciat.
1652 1426 1692 1482 lta
1702 1429 1771 1483 enim

135 1501 316 1570 peragendum
335 1497 482 1569 prebeatis,
502 1505 529 1549 ct
550 1503 579 1548 ut
595 1510 642 1548 vos
656 1495 708 1563 apsi
727 1494 754 1549 in
770 1494 928 1551 ministeriis
977 1498 1132 1553 corrtirretur
1153 1498 1180 1551 ia
1203 1496 1344 1565 capitulari
1364 1495 1450 1549 bonae
1471 1496 1621 1551 memoriae
1645 1497 1774 1568 genitoris

135 1572 233 1627 vestris
250 1584 344 1641 paoem
361 1578 389 1623 et
410 1566 541 1621 iustitiam
563 1564 680 1626 iacietis,
703 1577 730 1620 et
748 1579 817 1634 quae
834 1574 928 1622 nostra
977 1569 1064 1622 nostri
1077 1567 1104 1623 ia
1129 1567 1197 1622 libro
1221 1567 1318 1636 primo,
1334 1564 1453 1633 miritulu
1475 1563 1510 1618 57
1527 1578 1536 1618 a
1552 1564 1719 1638 Quicumque
1729 1570 1772 1623 de·

136 1642 284 1697 auetoritas
306 1638 412 1708 publice
425 1637 483 1692 fieri
499 1636 628 1700 alerceruit,
644 1643 675 1689 ut
688 1637 716 1689 iu
729 1637 829 1692 vestris
850 1636 927 1691 rmai·
978 1638 1072 1692 cimam
1087 1637 1214 1691 abstrahit
1236 1640 1268 1691 de
1280 1635 1399 1699 ecclesio,
1415 1634 1449 1688 ud
1475 1651 1555 1705 psum
1579 1652 1628 1706 per
1648 1638 1771 1694 iustitium

136 1711 229 1765 storiis
243 1709 363 1767 studiose
375 1708 540 1777 perficiatur.
978 1708 1040 1762 duri
1051 1707 1134 1768 debet,
1158 1716 1183 1761 et
1196 1724 1254 1762 aum
1266 1706 1470 1777 praesumptiose
1492 1705 1530 1759 ocl
1544 1717 1653 1777 propter
1666 1725 1771 1764 munero

171 1781 233 1835 atu.
254 1781 293 1835 De
316 1778 492 1833 admonitione
507 1774 541 1828 ud
563 1771 644 1828 laicos
664 1790 711 1844 pro
731 1776 830 1830 horrore
846 1775 927 1831 eccle-
943 1797 965 1856 fl
979 1788 1023 1832 unt
1041 1778 1183 1831 araricitianr
1209 1786 1256 1831 aut
1273 1776 1353 1829 ulium
1379 1774 1519 1846 quamlibet
1546 1778 1716 1832 occasionem
1740 1781 1771 1833 ud

135 1850 242 1904 siustieo
267 1847 453 1904 conservando.
485 1844 584 1901 Orsines
611 1844 693 1899 laicos
717 1861 869 1909 monemus,
896 1855 926 1901 ut

136 1919 266 1976 bonorem
280 1916 492 1975 ecclesiasticum
507 1923 667 1969 conservent
685 1924 712 1969 et
728 1916 835 1986 dignam
850 1931 928 1972 veae

135 1990 267 2046 rationem
284 1987 416 2059 episcopis
431 1996 459 2041 et
471 1986 517 2040 bei
538 1985 724 2040 sacerdotibus
745 1986 927 2042 exbibcautet

135 2060 170 2115 ad
184 2075 276 2116 eorum
288 2058 513 2129 praedicationem
528 2071 590 2111 errrn
603 2056 660 2110 suis
674 2056 769 2111 devote
783 2068 928 2113 occurrant

135 2139 162 2185 ct
175 2131 274 2186 ieiunia
288 2132 322 2186 ab
336 2130 389 2184 illis
403 2127 583 2183 eorrrnmniter
605 2126 706 2181 indicta
723 2137 884 2183 consonent
900 2138 927 2184 et

134 2215 199 2256 suos
213 2202 357 2258 olnervaro
377 2201 491 2256 doceant
509 2207 536 2251 et
556 2196 718 2265 conpellant.
739 2196 839 2254 Omnes
853 2213 885 2252 sn
897 2216 928 2250 o-

135 2285 245 2340 mopsre
262 2271 401 2335 stuleaut,
418 2277 448 2323 ut
463 2267 521 2322 dies
535 2267 685 2321 dominicus
702 2266 774 2322 sieut
785 2269 861 2323 docet
880 2271 928 2323 bo-

134 2349 247 2396 noratur
260 2348 288 2395 et
300 2341 414 2394 colatur.
435 2340 470 2393 Et
489 2346 518 2391 ut
538 2337 649 2392 liberius
669 2336 726 2391 lteri
745 2339 841 2418 possit,
857 2354 928 2395 mer-

135 2417 196 2465 cata
207 2419 235 2465 et
248 2411 346 2480 piacita
365 2426 380 2463 a
395 2409 540 2464 comitibus
556 2407 602 2462 illo
622 2408 664 2463 die
674 2407 878 2477 probabeautur,
895 2411 929 2466 si⁴

134 2488 181 2536 cut
194 2496 274 2550 saepe
289 2479 456 2534 admonitum
470 2477 530 2531 luit.

169 2549 233 2604 att.
249 2547 289 2604 m
300 2550 476 2604 admonitione
496 2547 530 2602 ad
547 2546 678 2617 episcopeo
699 2548 739 2602 uel
755 2550 861 2603 comites
881 2565 927 2605 uro

136 2619 326 2674 concordiensi
343 2620 451 2672 inuictos
475 2627 500 2672 et
516 2634 575 2671 eura
593 2618 701 2672 caeteris
718 2618 848 2686 fidelibus.
864 2608 928 2688 Epi·

134 2689 208 2758 soopi
219 2688 261 2742 vel
271 2689 384 2745 eorrtites
401 2688 434 2743 ad
447 2688 561 2742 invicem
571 2697 599 2743 et
610 2702 672 2741 eum
681 2689 796 2743 caeteris
806 2689 928 2746 ltdelibus

71 2768 74 2776 '
134 2759 406 2814 contemuitur-vivam
424 2758 502 2812 etad
527 2773 575 2813 sua
595 2757 748 2813 ministeria
774 2760 928 2830 peragenda

133 2828 252 2883 vicissim
269 2830 321 2885 sibi
333 2828 495 2883 adiutorium
509 2826 607 2883 ierant.

174 2897 235 2954 ιιι.
249 2899 288 2953 Dr
307 2899 426 2968 operibus
437 2897 465 2951 in
475 2899 689 2952 restaurationem
697 2897 866 2953 ecelesiarum
879 2900 929 2954 ud·

132 2967 279 3038 implendis.
292 2970 329 3023 lle
336 2968 462 3038 operibus
473 2967 500 3021 iu
511 2968 736 3023 restaurationem
742 2968 926 3037 eeclesiarum,

134 3039 191 3093 sive
202 3038 230 3092 in
240 3037 363 3095 iaciendo
375 3038 431 3095 sive
443 3038 472 3092 ia
482 3039 648 3102 redimendo,
665 3039 825 3109 episcopalis
836 3040 928 3109 potins

133 3117 262 3178 sequatur
290 3109 433 3165 voluutas.
463 3107 620 3164 Nullatenus
648 3117 739 3163 tamen
769 3120 926 3176 remaneat,

979 1849 1089 1903 alterum
1110 1848 1244 1902 ecclesium
1256 1847 1367 1910 dederit,
1381 1864 1397 1899 u
1410 1845 1502 1900 comite
1514 1844 1575 1899 uela
1588 1848 1672 1901 missu
1686 1860 1770 1904 nostru

978 1919 1170 1988 distringatur,
1190 1928 1217 1971 ut
1241 1916 1357 1972 eiusdem
1383 1915 1499 1970 decianae
1516 1917 1694 1985 quantitatem
1717 1936 1772 1973 arm

979 2004 1030 2042 seu
1042 1987 1097 2058 iege
1110 1989 1240 2041 restituat.
1769 2021 1773 2027 -

1013 2057 1076 2112 ιιι.
1097 2058 1136 2112 be
1150 2058 1201 2121 lais,
1214 2060 1259 2129 qni
1278 2056 1480 2112 remunerationes
1498 2056 1672 2112 eceienarum
1691 2059 1773 2127 [acere

979 2128 1125 2199 neglegunt.
1151 2127 1318 2197 Quicumque
1334 2127 1368 2182 de
1385 2127 1466 2181 rebus
1491 2127 1682 2192 eeclesiarum,
1710 2144 1773 2198 quas

978 2199 1006 2253 iu
1025 2198 1185 2254 benetieium
1204 2198 1314 2264 babent,
1340 2197 1551 2253 restaurationes
1573 2214 1670 2253 earum
1689 2199 1774 2256 lacere

978 2268 1155 2339 neglexerint,
1177 2269 1251 2323 iuxta
1268 2267 1438 2322 auctoritatis
1457 2276 1568 2322 nostrae
1587 2269 1772 2338 capitularem,

978 2338 1006 2394 in
1026 2354 1080 2409 quo
1093 2338 1127 2394 de
1137 2340 1264 2408 operibus
1276 2355 1308 2394 ae
1324 2337 1404 2393 nonis
1416 2347 1444 2392 et
1459 2337 1573 2393 decliuis
1597 2340 1772 2395 corastitutum

979 2418 1028 2472 est,
1047 2412 1087 2466 sie
1104 2410 1136 2464 do
1154 2411 1196 2465 lais
1208 2409 1396 2478 adimpleatur,
1413 2408 1483 2463 sieut
1497 2408 1524 2461 in
1540 2407 1611 2464 libro
1626 2420 1773 2479 quartoca-

978 2480 1064 2550 pitulo
1075 2480 1129 2536 58³
1145 2481 1299 2536 continetur
1313 2494 1321 2533 ι
1337 2478 1465 2548 mopere
1484 2487 1508 2532 et
1531 2482 1724 2535 restauratione
1735 2498 1774 2534 ec-

979 2549 1118 2604 elesiarum
1137 2551 1306 2604 curastitutunr
1327 2557 1373 2605 est.
1397 2557 1425 2602 ut
1443 2548 1475 2602 rio
1499 2548 1622 2617 [regibus
1645 2560 1732 2605 terrae
1749 2560 1773 2605 et

978 2620 1133 2674 animalium
1146 2621 1286 2675 enutrimine
1298 2631 1321 2675 et
1332 2619 1343 2650 ⁶
1353 2619 1453 2673 canetis
1462 2618 1581 2672 cennius
1592 2621 1708 2690 oocepm
1718 2622 1775 2674 loe

981 2689 1126 2745 tiliensibus
1148 2690 1342 2760 persolvuntur.
1369 2688 1408 2742 lie
1427 2704 1502 2758 opere
1527 2687 1567 2742 oei
1586 2691 1774 2745 restauratione

978 2759 1145 2815 ecelesiarum
1166 2760 1308 2814 comesuri
1328 2759 1460 2829 episeopus
1485 2758 1539 2812 sire
1558 2757 1629 2813 adira
1648 2776 1701 2814 sna
1717 2776 1774 2814 cum

979 2830 1058 2884 misso
1070 2842 1168 2895 nostro,
1180 2846 1256 2901 quem
1269 2831 1318 2900 ipsi
1333 2829 1383 2884 sibi
1393 2829 1427 2881 ud
1440 2829 1489 2882 leuc
1501 2827 1641 2897 clegerint,
1658 2830 1774 2884 consitie-

979 2900 1107 2954 rutionean
1119 2901 1230 2970 fuciunt,
1254 2910 1282 2953 ut
1294 2898 1469 2970 unusquisqne
1490 2915 1581 2952 eorum
1604 2900 1774 2954 romaniane

978 2971 1089 3039 accipiat
1115 2971 1149 3024 ad
1171 2970 1329 3041 operandum
1357 2979 1380 3022 et
1401 2968 1629 3034 restaurandam,
1650 2981 1772 3039 guantum

979 3039 1033 3109 ipse
1051 3039 1173 3094 derebus
1190 3038 1356 3093 eeclesiarum
1370 3038 1463 3092 balare
1483 3040 1661 3107 cognoscitur.
1676 3038 1773 3094 Sirmii-

979 3117 1019 3162 ter
1033 3120 1057 3162 et
1075 3112 1142 3163 tressi
1155 3110 1235 3164 riustri
1254 3111 1336 3163 autin
1359 3125 1494 3162 commune
1512 3118 1618 3161 tantuna
1637 3110 1773 3178 operitur·

133 3179 198 3247 quin
211 3180 309 3235 sieuta
332 3181 409 3235 nobis
432 3193 511 3247 saepe
529 3179 632 3233 iussum
645 3188 687 3233 est
705 3180 756 3235 boc
771 3182 838 3235 ¹aut
861 3181 927 3236 illud
941 3158 966 3224 c
979 3179 1076 3249 cipiunt
1094 3192 1219 3250 quantum
1241 3196 1329 3233 rerum
1347 3171 1583 3233 ecelesiuitieurnm
1606 3178 1713 3244 babent,
1738 3178 1772 3233 rel

134 3249 258 3317 partibus
274 3250 448 3306 ecelesiarum
472 3248 650 3319 persolvatur.
674 3249 708 3304 m
729 3250 782 3305 hoc
800 3251 927 3308 omnibus
977 3249 1681 3320 unusquisqueperseinatrrununtr'tutrnnuuamipse
1696 3257 1770 3302 tanat.

133 3328 228 3374 tautum
246 3321 291 3386 sit,
310 3320 372 3390 qrria
390 3320 578 3388 quieurruueu
615 3318 734 3390 legenter
755 3321 852 3376 exinde
865 3336 928 3392 ege·
976 3319 1028 3373 det
1047 3322 1070 3373 si
1090 3321 1156 3374 inter
1179 3336 1222 3374 eos
1245 3320 1408 3382 conuenerit,
1431 3327 1460 3372 ιιι
1483 3332 1530 3387 pru
1555 3335 1635 3388 opere
1655 3317 1770 3386 iaciendo

133 3389 208 3443 ritot
226 3405 318 3445 coram
334 3390 413 3445 uobis
435 3389 531 3444 exinde
543 3403 594 3458 neg
605 3404 687 3458 egeus
700 3400 823 3459 repertus
835 3390 927 3458 luerit,
976 3399 1113 3458 urgentem
1132 3390 1238 3455 donent,
1261 3389 1334 3442 irata
1358 3387 1564 3443 aestimationem
1577 3390 1667 3457 operis
1691 3390 1718 3442 in
1731 3404 1770 3442 or·

133 3456 199 3513 illud
213 3459 336 3514 volumus
348 3459 457 3514 omuino
477 3467 506 3512 ut
524 3459 628 3524 subeat,
651 3460 722 3528 quod
735 3460 763 3514 in
776 3468 869 3517 uestro
882 3477 928 3516 ca-
976 3468 1051 3528 pento
1064 3459 1226 3530 personatam
1240 3475 1299 3513 eunt
1309 3474 1361 3529 qao
1374 3458 1461 3529 precio
1479 3466 1564 3511 rector
1584 3458 1728 3513 aecdesm
1738 3457 1770 3511 ud

132 3527 243 3596 pindari
256 3529 290 3583 do
301 3529 351 3584 trae
362 3544 392 3583 re
403 3528 541 3584 communi
553 3527 679 3584 eoasutta
691 3528 811 3586 tidelirm
821 3539 929 3588 nostro-
975 3529 1137 3598 praedictum
1148 3528 1363 3584 resuurutioeem
1375 3527 1506 3598 operarie
1523 3527 1672 3582 caudeam
1682 3536 1768 3582 etu-

134 3613 195 3652 rttm
212 3598 408 3653 ordinavimus.
976 3598 1069 3651 terium
1089 3617 1172 3653 emere
1187 3600 1277 3670 possit.
1298 3598 1333 3652 m
1354 3598 1399 3668 urai
1421 3613 1502 3650 nonus
1523 3606 1548 3650 et
1568 3596 1688 3651 decimas
1708 3598 1767 3651 dart

167 3665 231 3722 ιιι.
257 3666 296 3720 lle
313 3668 506 3732 reminiscent
531 3668 658 3722 ministris
682 3667 805 3723 erebrius
826 3670 854 3724 in
870 3672 928 3726 seis
977 3667 1128 3737 neulererit,
1145 3666 1444 3739 primemgaidensilius
1469 3682 1529 3720 eum
1545 3683 1595 3720 sse
1617 3666 1674 3738 lege
1699 3667 1767 3721 resti-

133 3736 284 3791 ministeriis
295 3737 427 3792 adiutores
441 3739 504 3791 sine
519 3737 639 3793 Comites
656 3737 789 3794 uduistris
797 3740 929 3796 ccclesiae
977 3741 1223 3810 tartesiorum
1250 3741 1364 3794 tunnam
1394 3746 1510 3791 nonnum
1548 3737 1672 3801 emittit,
1690 3746 1717 3790 “l
1734 3737 1767 3789 ιι

133 3819 281 3876 eoruruque
291 3807 458 3873 ministeriis,
478 3816 507 3861 ut
523 3808 597 3862 'boe
618 3807 723 3876 plenius
739 3816 768 3862 et
781 3809 815 3863 ule
826 3812 928 3867 nostris
949 3810 951 3814 ⁴
977 3808 1119 3879 castigatus
1129 3819 1234 3876 eareat,
1250 3810 1378 3879 aesopius
1390 3807 1510 3862 morando
1523 3752 1679 3875 interficiam
1696 3806 1768 3860 arsit·

134 3884 162 3930 et
173 3876 206 3930 de
217 3890 246 3931 sc
264 3885 291 3931 ot
303 3879 336 3932 do
349 3878 406 3934 suis
417 3877 572 3933 bominibus
582 3877 704 3933 obtinere
719 3879 833 3948 possint,
852 3881 928 3937 adiu·
980 3885 1030 3931 tot.

133 3953 207 4000 tores
218 3947 462 4003 iuomuibusllaat.
473 3948 668 4018 Etouieunque
679 3949 927 4017 primaetsccunda
1011 3946 1073 4003 ets.
1095 3947 1194 4014 Dabla,
1205 3949 1250 4020 usi
1268 3963 1345 4017 agros
1363 3946 1534 4001 dominicatus
1552 3945 1612 3999 ideo
1625 3945 1766 4016 maluerat,

133 4016 193 4070 rice
206 4017 239 4072 do
251 4017 294 4072 bis
312 4033 328 4073 a
349 4019 447 4074 comite
468 4018 623 4074 admonitus
647 4033 701 4074 noa
719 4033 749 4074 se
767 4022 926 4088 correxerit,
977 4026 1006 4071 ut
1030 4020 1224 4075 nomenmodo
1246 4035 1297 4073 aon
1315 4016 1472 4087 persultant.
1496 4015 1533 4069 De
1556 4015 1610 4079 bis,
1634 4017 1680 4085 qui
1694 4029 1766 4086 agros

133 4085 257 4143 volumus
269 4096 300 4142 ut
313 4103 361 4157 per
373 4089 488 4144 eundem
500 4088 626 4144 ouauitem
640 4089 700 4144 cius
710 4090 879 4161 neglegentia
893 4093 929 4147 ad
976 4087 1155 4143 dominicatos
1171 4098 1312 4162 propterea
1326 4087 1501 4158 neglexemat
1518 4085 1654 4150 excolere,
1669 4094 1701 4140 st
1722 4099 1766 4139 uo·

134 4164 255 4211 nostram
280 4159 405 4213 notitiam
428 4157 635 4227 portunianus
652 4166 745 4215 nostra
765 4162 928 4217 auctoritate
976 4174 1026 4214 nas
1038 4158 1134 4214 exinde
1147 4174 1200 4215 nou
1213 4157 1375 4227 persolvant,
1388 4162 1416 4210 et
1428 4155 1528 4210 alienas
1541 4163 1631 4210 terras
1643 4154 1677 4209 ad
1690 4169 1765 4210 exeo»

134 4225 206 4295 qtrod
218 4226 245 4280 iu
258 4238 351 4283 nostro
364 4228 505 4297 capitulari
526 4229 680 4284 continetur
692 4229 781 4284 subire
804 4240 925 4301 cognitur.
977 4228 1085 4283 leudam
1106 4238 1214 4297 propter
1227 4229 1277 4284 boc
1289 4227 1433 4296 accipiunt,
1448 4224 1571 4279 volumus
1590 4232 1620 4278 ut
1638 4226 1671 4280 de
1685 4226 1766 4303 tribus

168 4295 231 4349 ιιι.
246 4295 280 4350 tn
293 4297 326 4352 de
337 4299 490 4353 incestuosis
503 4308 527 4352 et
544 4299 594 4364 bis,
609 4299 777 4370 urridecirnus
790 4318 841 4355 non
851 4302 924 4365 dunt,
976 4298 1055 4353 auras
1070 4298 1155 4366 ipsun
1169 4314 1267 4352 ironam
1288 4314 1349 4352 euru
1368 4312 1416 4351 sua
1430 4295 1488 4364 lege
1508 4294 1678 4363 persolvant.
1698 4295 1731 4351 tn
1741 4309 1762 4351 st

134 4363 303 4435 coepiscopis
317 4378 341 4422 et
353 4367 512 4439 presbiteris,
526 4379 550 4422 et
560 4369 592 4423 de
604 4369 765 4440 neglegenter
774 4371 925 4437 invenitus,
977 4368 1038 4438 quis
1056 4375 1225 4436 contemptor
1238 4378 1284 4423 aut
1305 4366 1435 4422 comitum
1457 4375 1504 4417 aut
1524 4364 1703 4420 vassallorum
1721 4381 1765 4419 uo

134 4433 212 4487 madii
241 4452 293 4489 non
313 4438 485 4507 accipiuntur.
510 4438 616 4493 liietuur
640 4450 681 4494 est
698 4439 785 4503 ιιοιιιι,
808 4441 880 4509 quod
898 4441 925 4495 ιι
976 4448 1094 4494 utrorum
1111 4445 1220 4506 propter
1240 4439 1291 4493 ltere
1313 4437 1442 4499 estiterit,
1467 4450 1515 4503 per
1541 4434 1714 4491 fideiussores
1734 4439 1766 4492 ad

134 4504 294 4572 quibusdam
306 4506 371 4561 loeis
383 4507 540 4575 episcopios
552 4509 663 4564 comites
675 4509 709 4564 ab
725 4509 888 4566 incestuosis
898 4518 926 4565 et
942 4512 969 4573 l)

134 4573 169 4629 ab
188 4572 241 4638 bis,
262 4576 308 4642 qui
326 4575 508 4631 decimasnoa
527 4578 601 4643 dant,
621 4578 723 4633 vadios
740 4579 884 4647 accipiant,
898 4588 926 4635 et

134 4644 479 4714 apresbiterisquibusdam
489 4661 539 4715 pro
546 4649 722 4717 neglegentiis
730 4649 800 4703 inter
811 4665 926 4718 sepera-

133 4713 207 4769 uiam
219 4713 338 4768 dividant
354 4729 361 4767 :
376 4714 447 4782 quod
460 4715 565 4784 ponitus
575 4718 734 4773 olaolertdum
745 4719 923 4785 discrevimus,

132 4799 167 4838 rna
180 4781 249 4838 iorte
257 4784 386 4839 avaritiae
397 4783 471 4840 loeus
481 4783 568 4840 detur.
585 4789 618 4841 lit
628 4789 826 4853 coustituimus,
839 4800 869 4842 ιιι
882 4790 922 4843 ιιι-

133 4854 249 4911 aestuosi
262 4854 335 4909 iuxta
348 4856 505 4911 eanonicam
518 4859 678 4912 sententiam
685 4858 848 4926 poenitentia
857 4859 925 4913 rnul-

134 4933 234 4979 teutur.
248 4924 298 4990 Qui
316 4941 379 4981 vcro
390 4926 508 4981 decimas
525 4936 586 4995 post
600 4929 710 4983 crebras
730 4929 925 4984 arbuouitioues

133 5001 161 5049 et
184 4995 396 5063 praedicationes
419 4996 664 5052 sacerdotamdare
681 4998 859 5068 neglexerint,
877 5014 925 5052 es·

134 5065 376 5122 coruuruuieeatur.
391 5067 543 5123 iuramento
554 5083 619 5122 vero
629 5083 677 5123 eos
687 5068 835 5139 constringi
849 5069 925 5124 nolu·

133 5148 195 5188 mus
205 5149 256 5257 gre
274 5145 316 5190 ter
331 5137 479 5206 perieulum
497 5139 618 5207 periurii.

169 5203 231 5285 ιι..
296 5207 567 5263 eeclesiisdestrnetis.
581 5210 619 5263 lie
635 5209 757 5264 ecelesiis
767 5207 923 5271 destirastis,

135 5281 166 5328 ιιι
177 5277 294 5343 episcopi
305 5286 331 5331 et
345 5277 420 5331 missi
433 5277 633 5346 intransitionem
650 5279 759 5344 iaciant,
776 5287 866 5332 utrum
875 5293 925 5346 per

137 5359 171 5396 ne
189 5344 329 5414 legentium
340 5356 386 5400 aut
397 5347 629 5415 inpossibilitatem
643 5351 794 5404 destructae
807 5350 870 5403 siut.
891 5349 925 5403 Et

136 5359 188 5468 ιιι
199 5414 364 5487 neglegentia
378 5417 486 5479 inuenta
496 5417 588 5486 luerit,
601 5419 746 5489 episcopali
761 5418 922 5474 auctoritate

978 4509 1106 4578 palatium
1120 4508 1211 4561 venire
1222 4508 1398 4576 campnrllatur.

1015 4578 1077 4632 ata.
1099 4575 1133 4630 Ut
1148 4577 1321 4646 intellepatur,
1334 4576 1363 4629 ιιι
1383 4590 1433 4645 uuo
1443 4573 1515 4642 facto
1536 4573 1683 4629 innaunitus
1695 4575 1764 4644 [run-

980 4648 1092 4720 gmurl.
1111 4646 1285 4701 Perennitati
1307 4662 1365 4709 uos,
1389 4644 1460 4714 guod
1482 4644 1615 4711 tiuaredam
1639 4646 1766 4703 ecelesiae

980 4727 1027 4772 aut
1046 4718 1208 4772 raronustcria
1224 4726 1331 4770 rumras
1342 4718 1353 4746 ι
1366 4723 1393 4768 et
1411 4714 1650 4782 praedeeessorum
1663 4724 1764 4770 nostro

979 4804 1039 4843 rura
1053 4787 1226 4841 inmunitates
1238 4787 1362 4841 lraltentia
1375 4783 1457 4838 rurdta
1473 4784 1638 4852 praeiudicia
1650 4793 1678 4839 et
1691 4783 1766 4840 iarios

979 4858 1124 4912 tatioucss
1146 4858 1304 4926 quibusdam
1322 4856 1467 4926 patiantur,
1483 4862 1510 4906 ct
1526 4869 1577 4908 nee
1595 4867 1645 4922 per
1661 4854 1764 4910 easdem

978 4928 1151 4983 inomnitates
1170 4927 1251 4981 ullam
1269 4925 1431 4981 defensionis
1444 4923 1587 4978 tuitionem
1611 4924 1713 4979 batere
1724 4940 1766 4978 rs·

978 4999 1065 5062 mant,
1091 5005 1200 5066 propter
1226 4998 1277 5051 boe
1301 4995 1372 5066 urrod
1394 4996 1428 5049 ab
1452 4994 1554 5049 eisdem
1576 4994 1764 5049 inmunitatum

979 5068 1186 5123 temeratoribus
1200 5067 1305 5121 dicatur
1318 5082 1370 5121 nou
1386 5066 1447 5134 plus
1470 5064 1641 5119 irrnnruitatis
1661 5064 1766 5119 trontius
1789 5130 1793 5135 Δ

978 5137 1128 5208 complecti,
1147 5153 1228 5219 quam
1248 5137 1366 5192 claustra
1392 5133 1565 5198 monasterii,
1581 5143 1690 5188 caertera
1703 5150 1767 5202 uuo

978 5222 1040 5279 que,
1059 5223 1182 5279 quamam
1203 5207 1237 5262 ad
1256 5207 1364 5262 easdem
1388 5206 1518 5260 ecelesias
1540 5203 1582 5257 vel
1605 5205 1765 5260 uaorrasteria

977 5279 1139 5347 pertineant,
1152 5286 1228 5331 extra
1246 5277 1434 5331 inmunitatem
1445 5290 1514 5330 esse.
1529 5275 1644 5345 Propter
1655 5276 1706 5329 boc
1722 5288 1765 5327 m-

977 5350 1065 5403 lumus
1078 5358 1160 5418 atque
1172 5348 1351 5411 dementianus,
1374 5355 1403 5400 ut
1421 5361 1515 5399 narrares
1533 5345 1765 5414 intellegebantur

975 5419 1063 5475 solum
1080 5418 1198 5473 claustra
1214 5416 1372 5473 ruonastcrii
1402 5416 1444 5471 vel
1461 5414 1593 5470 ecclesiae
1615 5426 1698 5486 ablue
1719 5429 1766 5469 ca·

752 5567 948 5624 leilANTES
966 5566 1167 5625 menemus.

176 5694 309 5773 'bared
346 5697 440 5753 ἰιι
457 5699 467 5730 ⁸
484 5700 627 5753 emendare
644 5698 705 5754 dial.
731 5701 878 5756 ‘aurroaas
889 5699 921 5756 G.
935 5708 1072 5771 utromper
1088 5697 1123 5768 ci.
1137 5697 1249 5771 praefat.
1278 5696 1494 5755 etiamne.
1531 5699 1769 5755 ‘ot...bostilieu-

153 5765 563 5836 ibusttrterpoiauitbenedictus.
600 5770 650 5824 'in
665 5770 924 5842 trrargineirniceap.
939 5770 971 5826 tt.
986 5769 1494 5840 adscriptam-tutioneimmunitate.
1531 5769 1676 5826 'uestram
1686 5768 1722 5827 G.
