3826 6112
142 300 194 356 bib
587 299 616 353 n.
636 296 761 354 canott
781 296 889 354 bedul
909 295 985 353 OPP.
1006 296 1096 354 PARS
1113 300 1133 354 l.
1154 297 1277 356 sectio
1295 299 1328 357 ll.
1724 297 1778 355 aab

177 409 240 465 Data
263 410 290 466 ln
303 423 315 452 t
327 423 419 466 tuente
441 409 546 476 blartle,
569 425 709 466 annotatt
733 420 761 466 et
779 425 834 464 atu
857 409 931 480 regui
945 412 972 471 Α
984 413 1089 469 llartini
1105 414 1217 481 babeat,
1234 422 1323 469 teneat
1338 422 1417 482 atnoe
1432 413 1585 482 possideat,
1600 423 1629 468 et
1645 412 1672 466 in
1689 428 1778 468 nttnra

139 500 230 557 deumi
243 502 344 558 Caroli.
360 503 455 557 Actum
470 501 653 570 t‘linamareia
670 504 789 559 civitate.
983 507 1154 579 eleemosyna
1168 508 1265 562 ibidem
1281 507 1352 562 omni
1368 520 1488 573 tempore
1503 508 1529 562 in
1545 507 1699 574 augmentis
1715 519 1776 574 pru-

509 636 551 691 ΙΝ
984 601 1064 655 beist.
1091 602 1124 656 Et
1145 601 1197 656 bne
1218 601 1275 656 baec
1295 599 1441 656 auctoritas
1461 600 1565 654 llrmior
1580 599 1722 661 habeatur,
1736 597 1776 653 rel

984 707 1030 761 per
1045 704 1165 763 tempora
1183 693 1278 748 ruebas
1290 702 1475 756 conservetur,
1501 707 1582 746 rnanu
1605 690 1715 760 propria
1730 689 1774 744 dr·

141 747 305 808 P'Wmm
321 748 408 803 cmii
429 747 518 819 mim
536 750 604 818 rm
625 766 671 819 ΡΜ
685 749 828 804 Μ’ὊΜΜῙ
849 751 932 804 “⁰¹⁶⁸
984 787 1125 850 nrarimus,
1139 795 1165 840 et
1181 785 1215 840 de
1228 786 1309 839 anule
1322 795 1413 841 nostro
1426 786 1544 857 sigillare
1555 786 1699 855 jussimua.

305 819 411 873 Martini
427 822 580 874 atonnsterio
593 822 672 890 (enno
687 819 761 890 790).
1019 877 1128 946 mmm
1142 876 1230 932 caron
1247 879 1432 946 gloriosusimi
1448 879 1528 949 regis·

383 934 432 996 (ΒΧ
444 934 474 984 D'
487 934 686 998 ⁸⁰⁰quet'ibid'i
1019 970 1213 1026 Errantbaldus
1226 972 1259 1026 ad
1274 973 1358 1026 tieem
1375 972 1488 1028 ltadoui.

174 1037 287 1091 Carolus
299 1039 384 1107 gratia
400 1037 445 1092 Dei
461 1054 508 1093 res
523 1037 687 1093 Francorum
702 1048 728 1093 et
743 1038 932 1109 Langobardo-
1019 1063 1083 1118 Dm
1099 1081 1116 1119 Η
1131 1065 1257 1120 calendas
1272 1067 1450 1134 geppembfis·
1464 1081 1535 1120 ann„
1550 1082 1609 1120 u„
1624 1065 1715 1120 domm
1727 1066 1772 1122 c„

140 1142 199 1180 rum
222 1142 254 1182 ae
268 1128 394 1196 patricius
408 1127 601 1182 llomauerum.
618 1128 714 1182 Notum
726 1142 787 1182 esse
800 1127 932 1183 altinensis
983 1158 1032 1211 mg
1048 1158 1265 1213 menmssimi
1282 1160 1362 1228 regg&
1380 1163 1475 1213 mum
1489 1158 1672 1228 Copsismno'
1689 1158 1714 1212 ᾗ,
1728 1157 1769 1214 Μ

141 1219 242 1274 uostris
256 1217 392 1274 credimus
408 1218 548 1285 lidelibus,
564 1216 679 1288 qualiter
694 1228 815 1286 tcatpure
829 1220 933 1289 genite-
983 1250 1090 1303 „omine
1106 1248 1228 1305 senemr·
1244 1252 1341 1305 Amen·

138 1309 177 1363 ris
197 1311 283 1364 nostri
305 1311 382 1366 borrae
404 1310 542 1364 memoriae
565 1310 672 1379 Pippint
693 1309 828 1379 quondam
849 1311 930 1380 regis,
1346 1379 1401 1433 ω

139 1416 187 1457 seu
202 1402 366 1457 statunculi
384 1403 468 1457 utrstri
484 1401 656 1456 llartomanni
671 1416 713 1456 res
728 1401 824 1470 aliquae
839 1403 865 1455 in
880 1402 931 1457 du·

136 1503 197 1549 catu
209 1494 376 1550 alamanniae
390 1496 446 1549 bsci
459 1494 605 1550 ditionibus
619 1494 734 1549 redactae
747 1495 932 1561 [bertunense
982 1472 1068 1526 “mi''
1090 1471 1177 1553 ΜΨ
1196 1481 1368 1594 i’foef‘ffmmt
1388 1488 1438 1530 ‘¹¹¹⁰
1458 1472 1552 1554 inim
1569 1472 1674 1554 ΜΨ,
1687 1485 1765 1545 '⁰9¹⁸'

1018 1555 1172 1595 iiiOiissssiei'iss
1183 1552 1262 1594 tattcil
1292 1557 1380 1593 trannin·
1393 1553 1417 1592 ei
1428 1555 1507 1595 dailei!
1518 1542 1653 1596 iassitmmi
1666 1561 1691 1596 ΙΙ
1702 1562 1764 1599 tlttt!

137 1587 219 1642 ¹¹¹⁰d⁰
233 1587 334 1643 diffidi
349 1588 487 1652 il⁰¹¹¹i¹¹0⁵a
510 1590 586 1656 ‘duali
607 1588 667 1656 iure
687 1590 795 1658 Df⁰bfi⁰
810 1590 933 1659 9⁰⁸⁵id0·
1017 1614 1148 1666 tuitionem
1163 1613 1285 1681 attsciptt,
1307 1622 1330 1664 et
1348 1614 1435 1665 uitium
1450 1615 1648 1667 coartarentur
1663 1618 1764 1670 nttrt'iait

137 1676 200 1731 baut
214 1677 322 1746 irtjuste,
338 1685 366 1733 et
379 1676 481 1747 aliquas
496 1678 595 1734 erittde
612 1679 667 1747 iant
692 1694 739 1749 per
754 1682 930 1748 rettttitiones,
1017 1689 1096 1750 (nrrno
1112 1683 1186 1749 795).

136 1766 308 1835 detrationes,
328 1782 375 1821 seu
389 1767 510 1823 diuersos
523 1768 657 1838 quoslibet
679 1770 774 1825 modos
795 1770 929 1827 habebant
943 1757 967 1817 Β
1147 1771 1194 1833 (Et
1209 1771 1344 1830 stabiliora,
1355 1771 1387 1821 de
1398 1770 1434 1821 Re
1444 1771 1623 1835 diplomatica.)

136 1858 287 1928 dispersas,
309 1873 343 1913 ex
365 1859 462 1926 ou'btn
478 1859 603 1915 l'ulrldns
617 1861 750 1930 attondant
773 1864 930 1919 alamannus
1016 1857 1128 1911 Carolus
1142 1857 1224 1926 gratia
1241 1857 1288 1911 bei
1303 1872 1350 1910 rex
1365 1855 1529 1911 Francorum
1544 1866 1571 1912 et
1585 1857 1758 1926 Langobardo

138 1962 187 2016 per
199 1958 300 2002 cartam
316 1948 471 2005 rirrditionis
491 1951 610 2018 partibus
630 1952 747 2008 basilica
768 1952 797 2009 S.
813 1954 929 2023 llartlui,

136 2056 189 2102 nuta
214 2041 362 2108 pretiosum
386 2041 530 2109 requiescit
549 2056 658 2110 cerpus,
682 2043 799 2112 aliquam
823 2061 879 2101 rent
903 2046 930 2103 in

137 2130 336 2188 Staturaennstat
352 2134 376 2187 iu
392 2133 547 2204 brisigavia,
571 2135 664 2190 illicito
678 2135 773 2192 ordine
786 2136 929 2207 delegarit.

139 2224 214 2280 t'ntle
238 2226 351 2280 ltbcrins
374 2226 440 2281 abba
465 2242 513 2295 per
532 2242 595 2281 suos
614 2228 833 2301 vadios-legibus
854 2233 931 2287 trabis

137 2318 211 2371 risus
232 2327 272 2372 est
295 2319 449 2372 revestisse.
475 2317 528 2374 Sed
550 2319 627 2372 nobis
648 2317 879 2376 enttsirlerantibus
897 2324 931 2377 ob

983 1964 1061 2017 rtttn,
1086 1962 1117 2002 ac
1140 1948 1268 2016 patricius
1288 1947 1489 2013 iitrtuanorum,
1512 1948 1641 2002 omuibus
1655 1950 1757 2005 lidelibtt

983 2042 1082 2096 trostris
1105 2041 1282 2112 praesentibus
1306 2052 1332 2095 et
1357 2041 1463 2095 tuturis.
1490 2041 1603 2095 lieetum
1619 2051 1661 2096 est
1678 2043 1755 2111 regati

983 2142 1101 2203 potestas
1116 2133 1169 2187 iltis
1185 2133 1325 2188 tuitionem
1341 2133 1487 2201 impertiat,
1502 2148 1616 2200 «pirorum
1631 2137 1766 2195 racana,

982 2225 1184 2294 comprobatur.
1211 2224 1312 2279 ideirco
1326 2235 1471 2294 cognuscat
1491 2226 1646 2295 magnitudo
1660 2242 1703 2281 seu
1715 2227 1752 2280 uti·

983 2316 1044 2371 titas
1058 2325 1159 2384 restra,
1171 2315 1231 2384 ouria
1251 2313 1293 2368 tir
1310 2312 1471 2369 uenerabilis
1487 2322 1498 2353 ι
1515 2317 1637 2370 anianus
1656 2317 1750 2370 abban

137 2422 257 2463 emerem
277 2407 323 2461 bei
338 2418 365 2461 et
380 2408 557 2463 reuerentiam
572 2409 656 2462 saneti
674 2408 778 2463 ttarttnt
800 2426 847 2478 per
860 2428 931 2467 mer·
982 2405 1163 2464 monastheria
1175 2406 1262 2461 sattcti
1274 2405 1404 2460 lobannis
1418 2413 1447 2460 et
1461 2406 1546 2460 sattcti
1559 2406 1690 2470 Laurenti,
1700 2407 1750 2476 quel

136 2490 412 2567 eedts'augueuuun,
429 2508 458 2553 et
470 2500 567 2553 animm
581 2509 679 2553 nostrae
695 2500 860 2566 remedium,
882 2515 931 2557 seu
982 2511 1043 2556 sunt
1057 2499 1203 2554 constructi
1219 2498 1245 2553 in
1259 2497 1326 2552 loeis
1339 2496 1555 2566 nuncupantibus
1570 2497 1749 2571 Extortolrttp

137 2588 312 2643 stabilitatem
326 2589 401 2656 regni
417 2589 512 2654 nostri,
526 2588 654 2657 deinceps
668 2604 716 2658 per
729 2602 848 2646 nostrum
863 2609 931 2662 prte-
982 2590 1070 2663 Citeu]
1085 2600 1113 2646 et
1126 2589 1262 2660 olibegio,
1285 2595 1377 2642 nostro
1395 2587 1519 2658 synodali
1533 2588 1651 2643 concilio
1664 2588 1750 2644 rentem

137 2689 246 2749 ceptum
260 2678 399 2748 praelatam
413 2694 468 2733 rtm
481 2679 513 2732 ad
528 2680 612 2750 ipsam
626 2695 714 2734 casam
728 2680 773 2736 bei
787 2685 931 2758 promptis-
983 2700 1034 2739 turra
1053 2699 1114 2738 curu
1137 2681 1276 2736 monacbis
1296 2681 1363 2747 suis,
1383 2688 1411 2736 et
1430 2680 1457 2734 in
1479 2687 1574 2736 neure
1593 2679 1751 2735 mundeburde

137 2772 207 2829 sittto
221 2771 313 2826 animo
326 2785 358 2824 ac
372 2771 507 2827 rolumate
522 2770 634 2842 benigna
650 2774 798 2829 concedere
812 2789 843 2830 ac
857 2774 933 2831 dele-
982 2792 1043 2834 cum
1058 2775 1182 2830 omnibus
1197 2754 1276 2828 rebus
1291 2771 1331 2826 uel
1354 2770 1507 2826 treminibus
1524 2770 1695 2827 monastherii
1706 2771 1750 2832 sui,

136 2876 201 2933 gare
221 2862 400 2918 decrevimus.
429 2862 575 2934 Propterea
599 2862 650 2918 boe
674 2877 773 2919 nostrae
797 2867 932 2922 tirmitatis
982 2885 1048 2941 qrras
1063 2868 1192 2924 moderno
1207 2875 1328 2935 tempore
1342 2864 1447 2919 ridetur
1462 2864 1614 2934 possidere,
1628 2880 1656 2921 se
1669 2864 1750 2934 plenius

140 2964 303 3025 praeceptum
316 2952 447 3025 jussimus
459 2953 608 3019 conscribi,
629 2965 659 3009 ut
680 2967 853 3012 memoratam
874 2973 931 3031 rem
982 2959 1194 3024 commendarit,
1210 2965 1238 3012 et
1252 2972 1301 3012 nos
1316 2957 1366 3011 sub
1380 2964 1499 3011 nostram
1516 2957 1655 3012 tuitionem
1667 2971 1719 3013 erm
1733 2962 1752 3008 et

138 3061 198 3100 eum
213 3045 286 3101 enutri
300 3044 463 3114 integritate,
477 3059 538 3099 cum
555 3045 679 3113 ecclesia,
693 3048 781 3113 terris,
795 3047 929 3116 domibus,
985 3050 1123 3106 monacbis
1138 3051 1195 3105 suis
1207 3063 1269 3105 curu
1285 3047 1409 3102 omnibus
1430 3047 1512 3102 rebus
1532 3057 1615 3118 atque
1628 3046 1753 3103 bominibm

136 3138 267 3200 aediliciis,
279 3138 430 3209 uraneipiis,
443 3138 538 3205 uineis,
550 3140 644 3210 sylvis,
656 3139 699 3194 uel
711 3140 814 3195 cunctis
829 3141 930 3198 ibidem
984 3143 1040 3198 suis
1059 3140 1211 3208 recepimus
1227 3153 1258 3194 ac
1272 3137 1437 3203 retinemus,
1461 3146 1598 3207 quatenus
1611 3137 1698 3194 diebus
1710 3139 1753 3189 rita

136 3227 294 3298 adjacentia
309 3238 337 3284 et
352 3229 533 3300 appendiciis,
549 3230 752 3301 inquibuslibet
767 3232 846 3298 locis,
863 3234 933 3290 sicut
983 3251 1039 3290 suae
1054 3234 1104 3288 snb
1119 3243 1239 3288 nosnatu
1255 3230 1395 3285 tuitionem
1410 3229 1517 3285 valeant
1531 3230 1619 3300 quieti
1633 3231 1714 3285 virere
1725 3227 1753 3282 tel

137 3330 216 3376 rantra
231 3323 286 3392 ipsa
304 3338 365 3378 casa
381 3324 427 3379 bei
442 3326 497 3379 uisa
514 3323 564 3379 luit
579 3324 749 3394 possedisse:
766 3326 801 3381 ita
817 3337 844 3381 et
856 3327 933 3382 debr·
984 3325 1112 3380 residere.
1136 3323 1279 3392 eraperea
1295 3322 1341 3374 bas
1354 3323 1455 3375 litteras
1467 3330 1579 3377 nostras
1590 3335 1637 3387 pro
1648 3318 1754 3375 dubitatis

139 3428 203 3482 ceps
223 3429 271 3485 per
286 3424 406 3469 nostrum
427 3425 590 3485 preceptum
605 3416 708 3483 plenius
722 3416 748 3471 in
765 3417 810 3471 bei
825 3419 933 3475 nominc
983 3416 1101 3470 studium
1118 3417 1156 3478 ets
1171 3415 1308 3475 dedimus.
1332 3427 1379 3478 ner
1394 3424 1460 3479 utras
1474 3412 1588 3465 omrtinu
1605 3411 1756 3482 iubemustt

139 3507 328 3561 continuatum
341 3508 375 3561 ab
388 3508 437 3562 bae
448 3508 492 3563 die
505 3522 567 3578 pars
582 3507 699 3577 praelatae
716 3510 833 3564 basilicae
846 3512 933 3566 sattcti

174 3665 243 3722 abb
263 3669 313 3722 bec
334 3682 426 3722 meuse
445 3667 638 3723 desumendum
662 3677 704 3721 est
729 3666 832 3721 initium
857 3669 933 3738 regui

138 3739 226 3796 Caroli
241 3740 266 3792 iu
281 3738 364 3793 ltalia.
383 3739 412 3793 Et
429 3740 485 3791 baec
498 3748 539 3795 eat
555 3740 628 3801 prior
644 3739 721 3808 regui
736 3736 795 3807 ejus
808 3740 931 3806 epocha:

140 3810 272 3875 prosterior
287 3824 300 3861 a
315 3825 408 3865 tnettse
421 3808 490 3864 llaio
506 3809 694 3877 prolleiseitur.
723 3808 843 3863 Priorem
863 3824 933 3881 epo-

139 3880 217 3935 ebam
242 3879 384 3934 continuat
407 3878 548 3935 concilium
573 3877 780 3945 Foroiuliense,
807 3882 877 3946 guod
901 3880 932 3936 S.

139 3949 268 4007 Paulinus
281 3951 427 4006 celebrarit
441 3965 511 4004 arrnn
527 3949 589 4013 tati,
611 3965 679 4001 nuno
700 3950 848 4017 felicissimo
861 3952 934 4021 prin·

138 4022 241 4095 cipatus
255 4037 342 4078 eorum
357 4020 455 4092 (Caroli
471 4036 567 4084 nempe
585 4035 616 4073 ac
633 4019 669 4083 tn,
683 4018 737 4087 pini
755 4020 835 4074 ltaliae
850 4021 932 4093 regis)

139 4103 243 4146 santet
258 4108 304 4160 tr,
322 4103 350 4146 nt
373 4092 448 4146 initio
471 4092 591 4158 eiusdem
614 4090 719 4144 concilii
744 4090 851 4159 legitur.
878 4093 934 4148 lloe

139 4163 229 4234 itaque
243 4177 315 4217 atum
329 4178 422 4218 meuse
438 4163 521 4228 Aprili
537 4176 637 4215 annunt
654 4160 728 4230 regati
744 4162 784 4214 sni
801 4161 884 4215 ltalici
897 4162 933 4217 23

137 4233 193 4303 jam
209 4236 363 4302 auspicatus
378 4242 436 4288 erat
449 4232 581 4296 Carolus,
604 4233 649 4300 otti
665 4244 764 4285 annum
780 4240 882 4285 tautum
896 4231 932 4285 22

141 4315 331 4369 numerasset,
355 4306 377 4358 si
404 4304 579 4371 posteriorem
602 4305 733 4368 epocbaru
755 4301 931 4358 adhibuisset.

141 4373 223 4443 tgitur
242 4388 321 4438 eum,
345 4383 413 4430 teste
432 4372 587 4435 Anastasio,
610 4371 722 4426 Carolus
744 4382 806 4425 aute
827 4384 932 4439 caraman

985 3509 1073 3564 nuilus
1088 3508 1213 3577 ‹ptislibet
1230 3506 1264 3566 de
1278 3504 1354 3563 tobis
1368 3519 1454 3574 neque
1468 3502 1504 3559 tie
1516 3505 1669 3574 iuratoribus
1681 3501 1756 3560 reatris

984 3664 1177 3727 Maianis-illini,
1202 3664 1233 3716 dc
1257 3659 1437 3726 dicut-Oliott,
1461 3659 1487 3712 in
1509 3657 1758 3714 dioeccsiCateastt·

986 3739 1071 3793 neusi.
1099 3736 1190 3790 Daniel
1204 3732 1353 3788 Caunettsis
1371 3731 1456 3784 abbas
1470 3731 1580 3785 Cannas
1594 3730 1704 3798 srtbp'ocit
1716 3731 1758 3783 dt·

986 3810 1065 3863 triano
1080 3807 1186 3872 abbati,
1209 3812 1323 3859 testante
1338 3808 1474 3870 precatae
1488 3800 1583 3854 Carnli
1598 3801 1670 3855 catti
1685 3810 1758 3865 penu

985 3878 1099 3935 edendo.
1133 3877 1170 3932 lte
1196 3875 1360 3929 monasterie
1385 3872 1470 3929 saneti
1498 3870 1639 3925 Laurentii
1666 3869 1758 3925 conntt

988 3949 1142 4004 baluzianae
1157 3955 1232 4000 nutas
1248 3945 1280 3999 ad
1295 3941 1473 4013 Capitularia,
1496 3948 1523 3996 et
1538 3941 1573 3994 ad
1589 3941 1700 3996 ortteilia
1714 3954 1759 4008 pn·

987 4022 1080 4074 ultreia.
1095 4016 1286 4073 Narbonensis.
1311 4007 1403 4069 Redeo
1422 4011 1455 4065 tul
1478 4012 1674 4066 rnonasterlum
1691 4005 1759 4064 saneti

985 4090 1107 4156 loarrrris,
1122 4089 1192 4156 nutriat
1208 4085 1290 4140 senati
1305 4082 1434 4138 tetrennia
1449 4080 1670 4149 lixepttttnrieusia
1680 4081 1759 4134 tticittt

987 4164 1013 4215 tn
1037 4159 1091 4214 atie
1114 4158 1282 4227 atttuprapbo
1305 4155 1439 4209 Cauuensl
1465 4153 1585 4214 inedito,
1612 4167 1665 4220 ntro
1682 4153 1761 4206 liniret

987 4232 1058 4285 silita
1081 4239 1109 4284 et
1132 4228 1247 4284 coettubii
1263 4225 1412 4281 Cannensis
1436 4223 1510 4289 jussu
1526 4222 1658 4287 biargttarii
1673 4221 1760 4277 semitis

987 4304 1189 4371 designamur«
1211 4313 1282 4352 antro
1296 4310 1389 4350 attunt
1413 4302 1542 4362 regnante
1566 4292 1667 4349 doutuo
1687 4302 1760 4370 neon

987 4374 1083 4427 Cauno
1099 4386 1160 4439 rege
1176 4369 1339 4424 Caacorum
1355 4364 1637 4432 etlangobardorum
1658 4372 1685 4416 et
1697 4370 1760 4431 patu·

140 4445 249 4510 l’apiam
265 4444 385 4499 diversas
399 4445 521 4499 civitates
536 4443 685 4512 subegerit,
707 4459 720 4493 a
739 4452 813 4508 parte
830 4442 935 4513 burigu-
949 4457 975 4519 ῃ
987 4448 1029 4498 eie
1046 4443 1238 4502 litttttauotumt,
1255 4456 1265 4490 r
1282 4436 1308 4490 id
1323 4444 1365 4490 est
1378 4448 1449 4489 anne
1461 4432 1565 4488 Cbristi
1584 4433 1650 4500 802,
1666 4437 1707 4484 utu
1718 4428 1760 4500 agi·

142 4513 239 4566 lutrdiar
254 4514 359 4569 devicta
373 4530 434 4569 sese
449 4529 538 4584 regem
553 4526 648 4567 uocare
661 4513 752 4579 coepit.

179 4583 311 4653 '’Currtg.
325 4584 492 4649 Wornrncin,
519 4589 544 4638 lu
568 4600 619 4652 tgna
641 4580 873 4636 ciuitate-Carolus
891 4598 936 4639 se·

142 4655 307 4709 tettut'ttatem
325 4656 477 4724 pascimin-m
492 4656 547 4723 egit
562 4659 613 4708 ltee
625 4669 696 4706 auno
710 4652 773 4706 790.

181 4736 191 4764 ι
207 4724 327 4779 dttiauus
342 4740 390 4779 eeu
405 4725 545 4782 annianus
560 4724 657 4777 abbas.
682 4728 707 4776 tn
724 4722 775 4776 boc
790 4723 937 4788 diplomate

142 4796 278 4860 lentlatns,
303 4797 326 4850 is
341 4803 383 4850 est
397 4811 476 4864 rpuem
493 4795 610 4850 celebrat
635 4791 799 4848 'lttettdullus
814 4797 938 4849 benetia·

143 4881 237 4924 nerum
254 4868 395 4935 episeopus
422 4867 448 4920 in
464 4865 585 4920 carunm
607 4863 640 4916 ad
667 4864 839 4918 ltencdictnur
854 4866 937 4920 Attia·

145 4953 255 4995 ttettaetn
277 4940 411 4992 abbatem.
437 4936 502 5005 Quae
518 4935 560 4989 irie
576 4944 759 4988 tnetneranttrr
774 4938 935 4991 monasteria

143 5008 197 5063 due
211 5009 353 5064 abeodem
369 5009 492 5062 anniano
512 5013 688 5069 cettstrncta,
713 5004 825 5059 alterurn
850 5008 936 5063 canon

143 5079 256 5132 tnarrttis
280 5083 306 5132 t'n
332 5077 459 5143 Extorto,
487 5080 600 5132 aterum
636 5076 720 5129 sancti
747 5075 882 5130 Laurentii
908 5078 936 5131 t'u

145 5149 262 5220 tllilepto
281 5154 347 5212 atta,
370 5152 468 5213 annius
483 5157 626 5203 reertrrnut
642 5148 667 5199 tn
684 5147 724 5199 bis¹
738 5147 814 5200 arctis.
841 5148 934 5201 Morta·

143 5222 254 5276 sterium
276 5221 372 5276 llontis
386 5222 472 5284 tlliti,
499 5220 569 5288 quod
586 5217 718 5273 Cutrrrcusi
735 5217 850 5271 vicinum
874 5227 933 5282 eat,

144 5305 192 5358 per
216 5292 241 5346 id
268 5300 372 5360 tempus
391 5291 531 5347 dicebatur
554 5291 636 5342 aerrcti
659 5286 788 5343 lolteunr's
811 5286 937 5356 Baptista

144 5365 171 5415 r'u
191 5375 274 5416 cestro
294 5361 430 5423 Maltnstt,
457 5377 490 5415 ex
512 5359 579 5414 actis
606 5358 726 5427 ciustlem
752 5358 802 5414 loei
827 5360 937 5412 iulerms

145 5433 514 5490 relerendts.dtditersu1n
539 5430 644 5485 ridetur
668 5428 703 5482 ab
726 5428 771 5482 illo
798 5429 935 5485 bruttiani:

145 5505 222 5572 coitus
237 5505 351 5559 alterurn
367 5504 452 5557 sancti
464 5501 606 5556 ,Laurentii
626 5512 736 5553 nomme
755 5500 914 5566 insignitum
927 5540 936 5566 ,

146 5587 217 5629 nuuc
232 5584 341 5629 vocatur
358 5575 444 5628 satreti
458 5572 572 5628 lituuaui
588 5611 595 5636 ,
618 5571 696 5640 rotgo
712 5568 936 5635 Sciat-libiniano,

147 5655 241 5696 sattetu
256 5648 378 5700 Anniano
399 5641 548 5698 confessori
564 5641 687 5710 pritttitus
702 5654 824 5702 sacrum,
842 5657 874 5694 et
898 5641 939 5694 di·

989 4525 1030 4567 tur
1055 4513 1088 4566 de
1114 4511 1236 4565 bruniana
1260 4507 1355 4561 abbate
1383 4506 1426 4559 bie
1452 4518 1627 4567 menturatn,
1652 4502 1694 4572 qui
1715 4514 1758 4555 enta

987 4582 1124 4637 ittonaebis
1143 4582 1198 4636 suis
1215 4576 1384 4633 deserviebat
1406 4592 1416 4625 t
1442 4575 1528 4628 saneti
1551 4573 1682 4632 lobannis
1701 4571 1758 4626 Ete-

987 4654 1156 4722 uuaurieusia
1175 4652 1218 4705 nel
1243 4648 1327 4703 sanni
1350 4645 1419 4700 l‘etri
1444 4654 1472 4698 et
1496 4644 1573 4698 Pauli
1598 4646 1757 4703 ttmrtastetttt,

986 4739 1047 4794 qne
1069 4722 1210 4778 tediltcarit
1232 4733 1313 4785 stagna
1327 4716 1413 4770 dicuts
1427 4716 1548 4769 butanus
1571 4729 1632 4769 cum
1654 4710 1758 4766 tratritat

986 4795 1044 4850 auis
1066 4808 1146 4862 supra
1171 4793 1231 4844 sibu
1253 4787 1453 4858 Argenledubtu
1480 4785 1506 4838 iu
1533 4786 1596 4839 uilla
1621 4784 1757 4857 Cannense.

986 4881 1045 4937 qnae
1061 4864 1095 4918 ab
1109 4863 1221 4930 antinno
1233 4859 1369 4914 dicebatur
1385 4855 1511 4922 bttliutis,
1524 4871 1607 4921 uuam
1624 4851 1758 4916 perdonata

988 4953 1033 4993 ret
1047 4936 1160 4989 Caunus
1183 4934 1216 4985 ad
1241 4932 1299 4998 ipso
1323 4929 1419 4982 abbate
1442 4940 1505 4980 corn
1529 4926 1658 4979 tratribus
1680 4933 1756 4979 surm

988 5008 1064 5063 Urrde
1079 5007 1112 5059 tis
1127 5015 1185 5058 orta
1200 5011 1258 5056 erat
1273 5001 1342 5054 iuter
1357 4997 1521 5065 blaguarium
1536 4998 1664 5051 cntuitetn
1683 5003 1709 5048 et
1720 4994 1758 5045 bt-

988 5081 1095 5132 uiauum
1109 5075 1232 5129 abbatem
1246 5073 1278 5124 de
1291 5069 1386 5123 linibus
1400 5068 1634 5123 disterntinantlis.
1649 5067 1758 5120 flamm

988 5150 1014 5202 in
1029 5145 1160 5213 superitni
1176 5144 1321 5212 diplomate
1335 5138 1503 5192 ulneraauna
1516 5151 1559 5191 est
1575 5138 1705 5197 turmula,
1720 5140 1757 5194 tlt

987 5219 1100 5272 Carolus
1114 5216 1223 5284 llagnus
1237 5212 1379 5266 etmstrtuat
1398 5208 1575 5261 donatiouem
1592 5207 1662 5260 ville
1674 5204 1757 5276 Cenat·

988 5305 1057 5353 rtrut,
1073 5288 1197 5341 batratano
1211 5299 1226 5337 a
1241 5282 1339 5336 bliloue
1353 5279 1460 5333 iactam.
1477 5294 1487 5328 t
1502 5277 1636 5332 Similiter
1647 5280 1758 5352 coenati·

989 5375 1048 5414 rarus
1059 5359 1084 5413 ei
1095 5358 1155 5411 uitta
1167 5356 1283 5414 Cannas,
1295 5353 1365 5408 sicut
1377 5350 1437 5402 blito
1450 5352 1484 5402 ad
1496 5362 1577 5403 suam
1591 5350 1757 5424 monaterii·

989 5443 1112 5500 persnas
1128 5428 1231 5480 litteras
1247 5421 1390 5490 ttclegarit,
1407 5436 1417 5471 r
1442 5418 1614 5486 trequentes
1630 5425 1690 5472 sant
1706 5421 1759 5487 et!-

989 5500 1061 5554 umdi
1077 5500 1199 5553 tnrtntrlae
1214 5496 1239 5549 in
1256 5493 1349 5546 litteris
1362 5489 1576 5544 confirmatoriis
1591 5502 1694 5556 reguum
1708 5488 1759 5558 tttt

991 5580 1125 5641 praerepto
1142 5565 1268 5622 Lndotiei
1294 5562 1367 5617 batot
1392 5575 1441 5629 pto
1465 5559 1584 5615 eeclesia
1608 5558 1759 5614 utram.

990 5631 1064 5712 qrrasi
1081 5655 1127 5697 rea
1143 5648 1207 5693 tune
1221 5635 1336 5706 primum
1352 5646 1407 5687 rent
1421 5631 1597 5699 eottcederut=
1609 5628 1684 5702 cujus
1694 5624 1757 5680 tut·

139 5715 261 5782 plantate
271 5714 401 5771 landerici
413 5721 441 5770 et
452 5712 571 5770 lotlurtt
583 5712 784 5782 imperatorum.
798 5709 940 5765 Cannense
991 5714 1091 5771 tioncut
1105 5707 1293 5766 cottiittttaitdt.

131 5782 218 5845 stura
229 5797 273 5850 est
284 5788 359 5849 inter
371 5789 425 5845 troc
437 5784 636 5846 monasterium
649 5791 676 5839 et
690 5782 763 5838 :uliud
772 5796 834 5838 utut
844 5783 946 5841 d‘tctuut
