3826 6112
188 237 236 296 tit
671 236 796 294 canent
815 236 923 294 uacat
942 233 1016 294 OPP.
1037 237 1165 295 ranst.
1186 236 1282 293 SECT.
1303 236 1324 293 l.
1769 242 1821 300 113

222 346 363 404 Orsines*
381 346 495 401 .-111.
520 345 585 400 item
606 345 633 400 iu
651 349 757 413 eodem,
783 359 835 405 ant
861 350 980 420 virgines
994 353 1018 413 Α
1031 352 1130 407 maium
1156 369 1170 407 a
1191 352 1383 408 consuetudine
1406 352 1549 421 probibere
1574 352 1616 408 rei
1631 355 1771 412 abscidere
1794 369 1816 413 ε.

188 453 241 492 uon
256 436 378 490 releutur
391 443 453 489 aute
471 434 565 503 viginti
579 435 696 504 quinque
707 453 805 504 annos,
828 439 879 493 nisi
896 438 979 493 ratio·
1068 441 1203 495 Eriseoris
1216 441 1239 492 ⁸.
1254 471 1290 480 —
1303 441 1347 495 50.
1360 439 1389 494 iti
1403 441 1517 496 coneilio
1530 442 1776 515 Neocaesariensc,
1792 461 1822 504 ut

188 528 271 582 nabiii
290 526 450 580 necessitate
464 534 577 593 cogente
593 525 616 578 b.
1029 530 1183 584 nullatenus
1205 531 1340 599 presbiter
1358 531 1499 585 ordinetur
1521 531 1609 588 'aute
1625 532 1636 571 f
1652 534 1820 605 trigesimum

223 619 344 676 Onniaus
356 620 378 670 ¹.
390 648 424 658 -
439 617 482 670 il.
497 618 526 671 in
540 618 655 674 concilio
668 619 852 691 Gangarense,
869 632 898 678 ut
913 624 979 678 nulii
1029 619 1124 673 aetatis
1138 635 1201 674 suae
1213 635 1321 685 aunum,
1337 620 1399 688 quia
1419 621 1545 676 dontinus
1557 622 1632 677 iesus
1647 638 1700 679 uon
1714 628 1821 694 praedi·

188 708 377 771 iiceatoblata,
403 721 472 775 quae
491 707 524 761 ad
546 722 677 777 pauperes
696 711 850 779 pertineant
885 729 981 782 rapere
1030 709 1100 763 celii
1113 717 1174 762 anie
1187 704 1464 778 [iigesittttttttenntttn
1476 711 1501 765 ⁸·
1824 708 1827 713 ’

188 797 231 851 rel
244 794 390 851 fraudare·
408 805 431 848 ι.
1066 798 1281 854 (instans—iii.
1296 798 1325 853 in
1337 799 1516 856 decretalibus
1530 801 1621 858 Siricii
1634 818 1728 875 papae,
1740 814 1769 861 ut
1783 807 1822 862 ai-

218 883 337 939 Onntiius
350 881 553 938 Saccaoortans
567 883 682 939 ι-18,
696 885 762 940 lteiu
779 887 806 941 in
820 889 924 954 eodem,
950 897 981 945 ut
1032 890 1116 944 terius
1130 904 1256 959 sponsam
1267 904 1345 944 nemo
1359 890 1507 960 accipiatt.

188 975 371 1031 aeclesiastica
386 975 485 1029 ieiunia
499 975 558 1030 sine
571 977 734 1031 necessitate
753 978 906 1033 rationabili
926 997 979 1037 iicit
1066 980 1212 1045 Emsooms,
1228 995 1358 1034 nonacris
1381 980 1417 1044 ¹⁰,
1445 995 1608 1036 tractamus.
1629 1013 1664 1022 -
1685 982 1729 1037 tia.
1754 985 1821 1039 item

190 1065 329 1119 solvantur
340 1064 350 1095 ⁸
363 1063 388 1116 ⁴1.
1031 1053 1207 1133 eiusduu,'ut
1222 1069 1345 1124 monachi
1357 1077 1385 1123 et
1410 1070 1530 1140 uirgines
1551 1088 1629 1126 suunt
1652 1075 1824 1144 propositum

226 1154 435 1209 Stasanorutcs.
448 1153 533 1207 -19,
543 1152 572 1206 in
582 1153 696 1210 concilio
708 1155 876 1212 dciroucnse
887 1159 979 1213 iuven·
1032 1161 1193 1220 omnimodis
1208 1160 1351 1214 observent
1370 1161 1391 1212 i.

190 1255 248 1301 tuin
260 1247 270 1276 ⁸
284 1255 326 1301 cst
338 1248 365 1301 in
379 1246 481 1315 eosqui
495 1262 557 1301 euin
570 1247 785 1318 quadrupedibus
798 1249 839 1306 vei
849 1251 978 1307 masculis
1063 1252 1085 1307 0
1098 1265 1182 1306 ninus
1197 1248 1322 1301 ¹¹.-53.
1338 1247 1367 1301 in
1380 1247 1561 1304 decretalibus
1572 1251 1709 1306 innocenti
1726 1268 1823 1322 papae,

189 1346 283 1391 contra
298 1347 421 1392 naturam
436 1345 557 1407 peccant,
567 1338 633 1391 dura
647 1346 674 1391 et
684 1338 806 1394 districta
815 1342 976 1411 penitentia.
1028 1351 1058 1397 ut
1070 1359 1121 1412 pati
1134 1341 1212 1395 detur
1230 1339 1264 1393 ab
1289 1338 1429 1404 cuntibus,
1452 1338 1583 1395 couieclis
1605 1341 1705 1397 Christi
1729 1358 1824 1397 saera-

189 1428 483 1499 Quaproptcrcpiseopi
494 1429 979 1502 etpresbiteri,quibusiudiciiimpe·
1032 1430 1131 1487 utentis
1148 1441 1171 1484 t.

190 1518 319 1573 nitentiae
333 1519 489 1574 iniunctum
504 1520 513 1550 ²
527 1526 577 1584 est,
598 1527 731 1574 conentur
751 1521 914 1576 omnimodis
927 1522 979 1577 boc
1064 1517 1357 1578 siccissimas—m.
1373 1518 1440 1574 item
1455 1521 1584 1587 eiusdem,
1600 1529 1630 1575 ut
1645 1523 1656 1561 1
1674 1522 1784 1579 nomina
1801 1525 1822 1553 ¹¹

796 1648 996 1707 latitantes
1014 1645 1216 1706 tensiones.

227 1763 349 1817 ¹oeestt.
387 1761 519 1814 ¹decsti.
557 1759 910 1828 'recipereueiiattdareffl
949 1759 1224 1817 ‘dcccli-omnibns
1237 1757 1264 1810 i.
1280 1757 1313 1812 B.
1352 1757 1563 1813 'saiuantnrb
1600 1760 1821 1818 61ιιιιθε1ιιιιι.11.

191 1832 397 1888 'iniunclatnb
434 1830 792 1901 ⁸deestuoc,eipcrpitbc.
831 1830 998 1887 'ordinetb
1037 1832 1058 1862 ¹⁰
1078 1831 1112 1884 ii.
1125 1837 1152 1885 et
1169 1827 1200 1882 t.
1214 1828 1247 1881 11.
1298 1829 1318 1858 ²¹
1332 1825 1364 1882 0.
1380 1828 1564 1885 sacerdotibus
1577 1831 1604 1884 5.
1643 1833 1663 1861 ¹¹
1674 1834 1782 1889 noinine
1797 1836 1821 1889 1.

949 1919 1064 1977 NOTAE.

191 2032 261 2089 seni
272 2031 313 2089 rei
323 2027 427 2100 proprii
440 2026 530 2082 liberti
545 2025 579 2081 aii
596 2027 795 2082 accusationem
815 2044 868 2083 iton
884 2029 981 2083 admit·
996 2034 1019 2095 Β
1033 2014 1248 2086 communionem
1269 2024 1460 2093 suscipiantur.
1484 2025 1648 2082 Discutiutur
1671 2038 1761 2084 auteiu
1793 2043 1822 2088 et

192 2112 294 2165 tatitur,
306 2101 347 2154 tel
358 2112 452 2153 omues
462 2112 529 2165 quos
539 2096 572 2150 ati
583 2097 733 2152 accusanda
746 2097 853 2165 publica
867 2099 981 2154 criutiua
1033 2098 1088 2154 rita
1108 2111 1203 2153 eorum
1216 2110 1276 2164 quae
1289 2094 1370 2148 luerit
1392 2104 1511 2164 tempore
1535 2099 1715 2164 pieititcutiio,
1737 2110 1765 2156 et
1785 2104 1823 2158 itii

192 2174 264 2243 legas
276 2170 391 2251 publice
405 2184 457 2223 non
477 2167 635 2230 admittunt;
654 2181 749 2222 omnes
763 2168 845 2221 etiain
865 2167 981 2223 infamias
1033 2169 1103 2223 banc
1116 2166 1526 2233 humanitatemccnsequautur.
1539 2167 1615 2231 Quod
1628 2168 1649 2222 si
1672 2169 1718 2237 qai
1759 2186 1822 2241 per-

192 2241 305 2297 macuits
318 2239 431 2307 aspersi,
451 2237 479 2290 id
492 2243 542 2299 cst,
553 2234 708 2300 histriones,
721 2251 752 2290 ac
771 2236 983 2305 turpitudinibus
1033 2235 1200 2293 scierantins
1210 2234 1287 2288 abusi
1298 2242 1361 2288 snut
1370 2235 1420 2289 lice
1431 2235 1555 2300 crimine,
1572 2237 1703 2304 prolixius
1715 2246 1822 2322 tempus

192 2310 320 2379 subjectae
342 2321 473 2377 persuum,
496 2305 723 2370 bicreticietiam,
738 2305 911 2375 sitepagaui,
925 2307 982 2363 site
1032 2303 1342 2361 habeantsubmissioni.
1362 2304 1497 2373 Quotquot
1524 2320 1589 2359 xero
1610 2316 1704 2361 exacta
1725 2311 1821 2379 vigniti

190 2380 283 2450 judaei.
300 2378 354 2432 Sed
368 2386 458 2430 tamen
476 2375 705 2443 omnibusquibns
723 2377 859 2431 accusatio
869 2377 983 2446 denega·
1032 2391 1164 2430 annorum
1174 2381 1263 2437 etate,
1277 2380 1304 2425 et
1316 2389 1414 2429 uxores
1434 2373 1573 2439 babentes,
1589 2374 1615 2428 iu
1639 2376 1691 2431 boc
1716 2379 1820 2436 crimen

194 2460 248 2513 tur,
264 2448 291 2502 iit
304 2445 393 2502 causis
410 2443 527 2515 propriis
541 2443 683 2498 accusandi
697 2444 832 2499 licentiam
841 2445 983 2500 noudane-
1033 2445 1194 2508 inciderunt,
1207 2442 1299 2509 viginti
1313 2443 1430 2512 quinque
1444 2444 1523 2497 anuis
1534 2446 1689 2512 poeuitcutia
1702 2456 1774 2514 acta,
1788 2451 1823 2506 aii

193 2518 364 2591 31111111.-
376 2514 467 2584 (Cone.
478 2513 559 2583 Afric.
572 2529 631 2566 can.
642 2512 698 2580 97.)
712 2513 777 2568 itcin
795 2513 904 2583 placuit,
916 2530 983 2583 quo·
1032 2515 1247 2570 communionem
1257 2513 1408 2566 orationum
1421 2521 1524 2566 tantuin
1531 2513 1720 2570 admittantur:
1731 2519 1758 2571 iu
1769 2533 1821 2587 qua

193 2591 351 2654 ticsounque
373 2584 479 2639 clericis
494 2584 527 2637 ab
547 2584 748 2638 accusatoribus
765 2584 848 2637 multa
869 2584 982 2639 crituina
1033 2583 1221 2640 commuuione
1234 2581 1364 2636 orationis
1376 2583 1461 2637 altero
1474 2581 1656 2652 quinquennio
1668 2587 1822 2654 perduran-

193 2657 370 2727 objiciuutur,
389 2662 417 2708 et
435 2667 517 2708 nnuut
536 2667 568 2706 eti
580 2652 656 2720 ipsis,
671 2652 704 2706 de
717 2669 770 2722 quo
789 2653 865 2721 prins
886 2655 981 2723 egerit,
1034 2663 1083 2717 tes,
1093 2653 1207 2778 plenam
1220 2651 1435 2731 communionem
1457 2666 1519 2706 enin
1533 2653 1667 2709 oblatione
1678 2656 1820 2725 recipiant.

193 2727 309 2797 probare
322 2740 376 2781 non
390 2722 512 2787 valuerit,
528 2722 561 2777 ad
573 2732 671 2778 cetera
681 2720 736 2788 iarn
749 2738 800 2776 non
813 2723 981 2780 admittatur.
1033 2723 1091 2790 Quo
1118 2723 1140 2778 si
1150 2722 1231 2790 aliqui
1243 2727 1271 2774 et
1281 2736 1379 2776 uxores
1388 2722 1525 2784 babentes,
1537 2731 1564 2776 et
1574 2721 1732 2780 excedentes
1742 2729 1823 2794 quiit-

231 2794 325 2851 ritae
352 2792 490 2862 dagonem
513 2791 667 2847 iieuardnm
688 2792 715 2846 iit
735 2793 805 2848 uotis
826 2794 860 2847 ad
885 2792 983 2848 librum
1034 2793 1217 2863 quagesimum
1228 2790 1316 2844 atatis
1326 2807 1381 2846 sum
1395 2805 1504 2856 aunum,
1519 2791 1546 2844 iu
1557 2791 1607 2847 boc
1617 2794 1732 2863 prolapsi
1747 2805 1821 2863 sunt,

195 2866 443 2927 Sacrameutcrnm,
458 2877 520 2931 pap.
542 2861 605 2925 att,
621 2868 648 2916 et
664 2858 789 2916 Caroluui
811 2861 983 2919 buiresuium
1033 2862 1176 2920 adexitum
1191 2862 1251 2914 rice
1264 2867 1367 2915 tantum
1380 2861 1594 2915 communionem
1607 2873 1771 2918 mereantur.

196 2937 223 2992 in
237 2935 309 2989 itatis
319 2934 353 2988 ad
365 2933 470 2987 Annam
480 2930 654 2995 Comnenaui,
668 2944 730 3000 pag.
750 2931 812 2987 119.
827 2933 925 2987 Biana.
1071 2935 1084 2973 ⁸
1100 2930 1191 3003 (Cone.
1204 2928 1286 2984 Necc.
1305 2947 1364 2984 can.
1386 2930 1442 3000 11.)
1466 2929 1611 3000 Presbyter
1627 2941 1689 2987 aute
1710 2935 1822 3004 triginta

234 3002 351 3073 bicone.
365 3001 449 3073 Afric.
463 3017 521 3054 cati.
537 3001 594 3065 93.)
608 2999 673 3054 item
682 3000 782 3070 placuit
790 3010 820 3056 ut
832 3003 984 3084 quicunque
1034 3016 1165 3057 annorum
1178 3008 1295 3065 etatem,
1310 2999 1433 3069 quamtis
1444 2999 1480 3054 sit
1491 3000 1595 3069 diguus,
1608 3003 1821 3069 nonordiitetur,

194 3075 383 3145 cpiscoporum
402 3071 562 3126 necessitate
573 3070 750 3140 periclitantis
758 3072 893 3139 pudicitie
902 3073 984 3144 virgi·
1034 3072 1082 3128 sed
1092 3072 1218 3127 observet
1230 3085 1315 3138 iisque
1327 3069 1361 3124 ad
1376 3067 1536 3139 prefinitum
1555 3078 1659 3140 tenipus
1671 3086 1679 3124 ι
1690 3072 1824 3128 iiuminas

196 3144 275 3210 italis,
289 3158 350 3198 cuni
364 3140 407 3196 rei
419 3141 519 3210 petitor
531 3149 628 3209 potens
642 3141 682 3194 iel
708 3149 800 3210 raptor
813 3141 910 3211 aliquis
929 3141 985 3198 lor·
1034 3141 1107 3199 euim
1132 3139 1269 3196 tricesimo
1288 3154 1360 3195 anno
1380 3141 1531 3208 baptizatus
1553 3147 1605 3206 est,
1626 3151 1654 3195 et
1669 3149 1735 3197 tuuc
1752 3155 1826 3213 pre·

196 3214 323 3278 midatnr,
336 3210 378 3266 vei
392 3209 416 3265 si
428 3211 510 3265 etiam
523 3211 614 3280 aliquo
630 3210 726 3265 mortis
737 3211 888 3281 periculoso
909 3227 985 3269 seru·
1034 3211 1143 3276 dicavit.

195 3283 259 3353 puio
268 3287 430 3352 compuncta
443 3278 534 3347 luerit,
546 3296 580 3334 ne
594 3295 646 3335 ucn
665 3279 751 3335 relata
772 3282 913 3347 moriatur,
937 3291 984 3338 aut
1071 3283 1084 3321 ¹¹
1102 3280 1194 3352 (Sin'c.
1215 3295 1238 3332 c.
1255 3276 1295 3348 i.)
1311 3277 1350 3332 Ile
1361 3276 1493 3348 coniugali
1512 3278 1658 3334 uiolatione
1671 3281 1823 3349 requisisti,

195 3351 547 3474 exigennbmgrentibus,
569 3359 616 3404 aut
633 3349 675 3404 his
700 3350 734 3404 ail
754 3367 867 3421 quorum
891 3367 983 3407 curaiu
1035 3350 1058 3407 si
1077 3350 1266 3418 desponsatam
1277 3347 1323 3400 aiii
1334 3347 1449 3417 pueliam
1462 3346 1530 3401 aiter
1540 3348 1568 3401 in
1584 3350 1825 3420 matrimoniopcs-

195 3423 359 3492 pertinaci
403 3419 615 3489 veritrirgiuem
628 3433 675 3473 seu
695 3419 984 3490 velavitiutrariginti
1036 3421 1072 3475 sit
1089 3418 1221 3488 accipere.
1237 3416 1399 3471 iioeucilat
1415 3416 1822 3484 modisomuibusiuliibeinns;

196 3491 315 3561 quinque
324 3503 411 3544 annos
421 3490 519 3552 aetatis,
533 3503 586 3542 non
595 3487 620 3541 ei
630 3488 702 3544 obsit
714 3489 858 3546 concilium
872 3490 943 3559 qnod
952 3492 985 3546 dc
1036 3490 1099 3559 quia
1113 3488 1157 3542 illa
1169 3486 1328 3550 benedictio,
1350 3500 1431 3555 qnam
1452 3497 1542 3555 nuptie
1553 3487 1679 3542 sacerdos
1707 3489 1825 3572 imponit

198 3563 251 3615 isto
263 3573 396 3616 annonam
411 3572 524 3613 numero
536 3558 711 3612 constitutum
723 3565 773 3613 est.
1036 3558 1105 3628 apnd
1116 3557 1218 3621 fideles,
1229 3555 1377 3623 'cujusdam
1388 3554 1521 3626 sacrilegii
1544 3558 1631 3612 instar
1655 3566 1707 3624 est,
1725 3574 1749 3615 si
1769 3559 1825 3614 iiiia

199 3623 205 3645 ⁸
235 3624 411 3699 ο(1111111ιί1
450 3644 535 3681 .cirn.
555 3625 595 3696 i.)
616 3625 644 3681 Si
669 3627 729 3695 quis
751 3625 986 3684 oblationesiruc·
1035 3626 1248 3752 transgressione
1260 3625 1384 3680 violetur.

198 3710 274 3753 tuiun
286 3695 413 3753 Ecclesiae
441 3695 527 3751 ebitas
536 3695 651 3770 uoluerit
664 3707 740 3751 extra
760 3696 902 3752 ecclesiam
913 3700 985 3755 acci·
1074 3699 1103 3760 it
1127 3697 1185 3749 iiic.
1200 3713 1223 3749 c.
1236 3693 1276 3766 6.)
1291 3695 1425 3750 riaicrea
1438 3695 1629 3752 monachorum
1641 3697 1771 3765 quosdam
1783 3706 1827 3753 it·

196 3783 262 3838 pere
272 3767 313 3822 tei
326 3767 392 3822 dare
408 3774 506 3834 praeter
518 3765 710 3820 conscientiam
734 3781 750 3820 e
768 3765 862 3835 iscopi,
885 3779 912 3821 et
930 3784 984 3823 uon
1035 3767 1268 3836 quemouaciinm,
1280 3764 1386 3834 abjecto
1394 3766 1533 3836 proposito
1543 3767 1706 3831 sanctitatis,
1722 3766 1751 3821 in
1763 3776 1826 3822 tan-

198 3838 283 3906 magis
295 3852 356 3892 cuin
372 3835 484 3890 consilio
496 3833 553 3903 ejus
566 3835 610 3891 ciii
627 3828 685 3890 iiaee
697 3781 798 3891 eradii
814 3844 877 3892 sunt
895 3838 929 3892 dc
943 3837 984 3894 bis
1038 3846 1091 3890 tam
1100 3835 1399 3904 protestatisdemersos
1408 3848 1467 3889 esse
1479 3834 1741 3905 lasciviamutprius
1751 3837 1827 3892 clati-

197 3907 330 3978 agendnm
344 3905 486 3976 putauerit,
498 3906 639 3960 anathema
652 3905 697 3959 sit.
1036 3902 1241 3966 cnlo,iteiutsnb
1253 3905 1725 3973 monasteriorumpraetextu‚illicita
1738 3922 1770 3961 ac
1780 3922 1827 3960 sa-

234 3975 353 4047 d(Cone.
375 3974 459 4044 Ganq.
480 3991 538 4029 can.
561 3973 617 4046 19.)
638 3972 666 4029 Si
689 3974 750 4045 quis
767 3990 861 4030 corum
887 3976 932 4044 qui
957 3977 984 4032 iii
1035 3975 1134 4045 eiilcga
1147 3974 1340 4044 secoutaqione
1348 3973 1516 4038 miscuerint,
1524 3984 1616 4045 postea
1628 3990 1691 4031 iero
1703 3976 1731 4029 iit
1744 3976 1826 4031 abru-

198 4047 337 4118 proposito
349 4054 412 4102 sunt
421 4045 593 4100 continentiae
606 4052 706 4114 preter
717 4044 908 4100 necessitatem
925 4063 986 4102 cor·
1035 4054 1111 4114 ptum
1123 4043 1295 4098 conscientiae
1313 4042 1498 4112 desperatione
1521 4045 1658 4113 perducti,
1670 4047 1703 4100 de
1722 4046 1827 4100 ibicitis

198 4117 317 4186 porilem
328 4115 474 4184 superbiat,
485 4113 622 4184 etjejunia
644 4114 807 4182 communia,
821 4129 881 4183 quic
903 4118 986 4172 totius
1036 4113 1220 4182 complexibus
1231 4114 1315 4169 iibere
1327 4112 1396 4167 iilios
1408 4114 1592 4182 procrearint:
1621 4115 1827 4184 nodetpublicie

199 4186 335 4242 Ecclesiae
359 4184 469 4239 traditio
498 4185 626 4250 celebrat,
650 4184 784 4253 putaverit
804 4184 983 4251 dissolvenda,
1036 4181 1402 4254 iegesetecclesiasticajura
1413 4184 1601 4239 condemnant.
1639 4200 1669 4239 as
1684 4185 1828 4257 igitnrim-

198 4256 346 4326 perlectam
373 4254 514 4309 scientiam
537 4268 597 4309 esse
616 4254 686 4324 apud
714 4269 743 4310 se
764 4253 898 4322 judicans,
921 4270 986 4309 ana·
1036 4255 1149 4324 pudicas
1167 4254 1392 4322 detestabilesque
1409 4266 1539 4321 personas
1564 4268 1580 4306 a
1599 4256 1827 4309 monasteriorum

201 4327 291 4380 tltema
304 4324 349 4379 sit.
1039 4333 1111 4379 curtii
1132 4322 1360 4390 ecclesiarumque
1382 4323 1558 4378 conventibus
1572 4324 1750 4379 eliminandas
1765 4339 1828 4379 esse

239 4391 478 4448 ‘flodoardusiib
490 4407 532 4457 ιιι,
542 4406 601 4461 cap.
610 4390 655 4454 11,
665 4392 697 4446 de
704 4389 825 4460 epistolis
833 4389 986 4448 iiiocutari:
1038 4393 1196 4446 mauilainus
1204 4401 1463 4460 :quatenusreirusae
1471 4392 1827 4464 insuisergastulis,tanlnm

200 4462 313 4518 loannis
326 4461 537 4531 Rotliomoqetni,
551 4459 707 4531 respondens
716 4461 750 4512 od
759 4461 987 4530 interroqationem
1038 4461 1142 4516 lacinus
1156 4462 1282 4517 contiuua
1300 4461 1491 4524 lamentatione
1498 4462 1635 4528 dedentes,
1642 4463 1827 4532 purincatoito

201 4532 282 4602 ipsius
294 4531 326 4584 de
337 4532 450 4600 quodum
471 4529 564 4583 clerico
579 4530 624 4599 qni
637 4530 670 4590 ad
693 4528 839 4582 Ecclesiam
856 4531 987 4600 qnondam
1038 4531 1142 4600 possint
1154 4545 1171 4599 p
1182 4531 1331 4586 ruitudinis
1342 4531 1404 4600 igue
1417 4532 1575 4600 decoquere,
1603 4541 1632 4587 nt
1658 4533 1699 4587 eis
1723 4533 1765 4588 itei
1792 4533 1827 4588 ad

200 4609 334 4670 promotus
349 4599 496 4670 rependant,
512 4598 630 4652 ordinari
644 4607 800 4668 peretotetn
811 4599 922 4654 citetion
940 4617 988 4671 pc·
1037 4609 1152 4657 mortem
1177 4601 1290 4666 saitem,
1316 4601 1399 4656 solius
1424 4601 1616 4657 misericordie
1641 4603 1751 4666 iutuitu,
1777 4617 1827 4670 pei·

202 4677 279 4723 terat.
289 4669 387 4723 Baiui.
1000 4664 1025 4724 D
1038 4671 1234 4727 communionis
1246 4670 1360 4740 gratiam
1372 4671 1458 4738 possit
1481 4671 1645 4742 indulgentia
1669 4672 1824 4727 subvenire.

242 4736 357 4807 ¹(Conc.
375 4737 472 4807 iincpr.
493 4752 552 4790 can.
578 4734 633 4808 15.)
650 4735 678 4791 iu
697 4735 775 4791 titulo
792 4735 885 4792 Graeca
905 4739 985 4794 rerba
1075 4738 1082 4790 i
1102 4740 1249 4811 (innocent,
1264 4756 1321 4809 cap.
1336 4739 1374 4810 1.)
1387 4739 1482 4795 Pacem
1494 4741 1753 4812 igiturasserisante
1762 4757 1829 4796 con·

202 4805 261 4863 liare
274 4815 357 4862 sunt:
377 4810 436 4878 napi
449 4814 498 4862 τῶν
508 4809 724 4878 ἀλογιυσαμιίωι,
734 4805 776 4870 ἥδε
790 4807 984 4889 iiapiccpiaaa,
1038 4810 1108 4865 lecta
1122 4810 1248 4880 mysteria
1261 4810 1390 4878 quosdam
1411 4812 1516 4879 populis
1541 4813 1682 4881 imperare,
1707 4811 1750 4865 rel
1774 4811 1828 4866 sibi

203 4892 264 4946 qne
276 4892 326 4932 nos
340 4877 422 4932 latine
433 4891 577 4946 possuinns
589 4876 679 4931 dicere
694 4891 701 4930 a
715 4876 861 4946 delinqui
880 4878 987 4932 irratio-

204 4945 326 5001 nabiliter
335 4947 427 5002 versuti
441 4953 511 5009 aunt,
525 4945 577 4999 site
590 4956 733 5000 uersentur.
746 4944 847 5000 Sensus
861 4956 949 5000 antem
959 4946 986 5001 in

204 5017 255 5073 bac
269 5017 402 5072 sententia
416 5015 510 5085 triplex
529 5031 589 5069 esse
606 5023 704 5083 potest,
732 5016 778 5085 qui
800 5030 833 5069 cx
859 5015 987 5085 subjectis

204 5085 357 5156 conjicitur,
371 5095 417 5140 ant
429 5084 463 5140 de
481 5085 523 5140 bis
533 5087 579 5153 qui
591 5100 653 5140 ciun
669 5085 813 5155 pecoribus
824 5085 896 5140 coitu
909 5087 986 5141 mixti

205 5166 281 5222 suut,
297 5167 344 5212 ant
357 5171 433 5213 more
447 5154 578 5225 pecudum
590 5155 693 5211 incesta
706 5171 767 5212 cum
781 5170 880 5210 eonsan
900 5156 986 5212 uineis

204 5227 460 5291 coiumisernut,aut
469 5239 530 5281 euin
537 5224 663 5280 masculis
672 5171 987 5306 coricubneruntiltncnc

204 5311 254 5365 qne
262 5295 388 5350 cthticd.
400 5294 445 5349 iili.
457 5311 498 5360 ni,
509 5311 533 5348 c.
541 5293 603 5360 356,
613 5310 671 5377 qne
680 5296 750 5366 apnd
761 5293 827 5348 isid.
838 5293 991 5350 derideren-

205 5363 269 5436 ter).
284 5364 421 5435 Quotquot
431 5365 514 5436 igitur
525 5373 587 5420 ante
599 5365 757 5421 vicesimum
769 5365 857 5420 aetatis
869 5379 924 5419 snae
942 5379 991 5418 ait-

207 5448 271 5487 auin
295 5435 347 5490 tale
363 5437 466 5491 crimen
491 5435 666 5500 admiserunt,
683 5435 834 5504 quindecim
858 5433 936 5489 anuis
962 5432 989 5488 io

206 5503 363 5572 penitentia
374 5505 486 5568 exactis,
503 5504 619 5559 orationi
640 5511 743 5559 tantuin
758 5502 888 5572 incipiant
902 5503 990 5572 parti·

209 5573 310 5652 clpam:
325 5581 353 5627 et
364 5573 548 5642 quinquennio
570 5574 656 5629 altero
669 5574 697 5629 in
715 5572 904 5629 communione
927 5571 993 5627 sim·

206 5640 269 5711 plici
284 5641 469 5710 perdurantes,
484 5648 545 5712 post
558 5642 786 5701 uicesimnmenm
804 5640 938 5700 oblatione
958 5641 991 5697 ati

1039 4881 1110 4934 iuter
1122 4881 1275 4934 sacerdotes
1288 4879 1403 4944 tradere,
1417 4896 1479 4935 cum
1492 4891 1554 4950 post
1565 4882 1664 4946 omnia,
1679 4896 1741 4951 quaa
1764 4894 1829 4951 ape-

1038 4949 1093 5004 rire
1106 4965 1159 5003 uon
1172 4950 1266 5012 debeo,
1291 4964 1343 5017 pax
1366 4950 1403 5002 sit
1427 4951 1581 5005 necessario
1604 4952 1755 5016 indicenda,
1779 4966 1830 5020 per

1039 5034 1120 5088 quant
1132 5028 1238 5073 constet
1251 5019 1377 5087 populum
1395 5020 1531 5075 adomnia
1555 5037 1614 5091 qnae
1638 5021 1666 5075 iu
1690 5021 1829 5091 mysteriis

1040 5095 1157 5158 agunt-ur
1165 5096 1245 5157 atque
1259 5088 1286 5140 iu
1297 5089 1411 5143 eeclesia
1422 5091 1592 5145 celebrantur
1603 5090 1752 5161 praebuisse
1763 5105 1831 5145 oon·

1040 5173 1158 5221 sensum,
1185 5173 1218 5213 ae
1230 5158 1305 5212 linita
1325 5171 1385 5214 esse
1397 5160 1471 5228 pacis
1485 5160 1670 5217 concludentis
1690 5161 1831 5232 signacula

1041 5229 1268 5284 demotistientur.
1300 5278 1302 5283 .

1079 5296 1269 5368 itinqustinus
1283 5296 1310 5351 iu
1323 5297 1464 5353 collatione
1478 5315 1509 5353 iit
1522 5298 1739 5368 Carthaginensi,
1752 5298 1807 5354 230
1820 5315 1829 5354 a

1046 5365 1100 5420 iiii
1111 5367 1225 5422 ecclesia
1245 5381 1337 5422 suiuus
1351 5369 1378 5421 iii
1396 5383 1449 5436 qna
1469 5367 1628 5424 Caeciliams
1644 5371 1831 5440 episcopatum

1043 5435 1164 5506 gessitct
1181 5435 1251 5490 diem
1265 5436 1341 5490 obiit.
1361 5437 1426 5505 Ejus
1443 5453 1541 5494 nomen
1566 5440 1600 5494 ad
1625 5437 1711 5493 altare
1732 5439 1828 5494 recita

1043 5520 1114 5560 iniis.
1131 5523 1141 5557 t
1158 5504 1226 5561 Vide
1238 5504 1266 5558 S.
1283 5503 1444 5576 Gregorium
1459 5507 1505 5562 lib.
1519 5524 1561 5573 ut,
1575 5509 1668 5564 indict.
1682 5508 1727 5575 lS,
1748 5509 1830 5631 epist.

1043 5573 1088 5629 st.
1101 5572 1250 5630 Concilium
1266 5573 1420 5645 'iuligionse
1432 5577 1552 5633 habitum
1562 5579 1635 5634 circa
1648 5593 1750 5633 anunm
1778 5574 1832 5632 1115

1046 5661 1057 5697 ι
1073 5658 1124 5701 uec
1136 5644 1207 5702 inter
1218 5642 1309 5704 ddcles
1322 5656 1443 5704 mortuos
1456 5662 1548 5705 corum
1562 5648 1711 5706 nomiaaad
1723 5659 1830 5705 nciam
