3826 6112
202 307 257 362 52⁸5

625 297 655 352 B.
676 296 801 354 cludit
820 295 928 352 urunt
947 295 1022 354 ΟΡΡ.
1043 294 1133 353 eatts
1151 296 1172 352 Ι.
1191 295 1317 357 suello
1336 297 1453 355 Putet.

1793 295 1853 357 30⁶

203 426 321 481 ucrstrac,
339 413 457 471 iustitiae
473 413 585 479 scilicet,
605 423 632 468 et
645 415 754 483 pictatis
766 423 845 484 atque
863 412 999 468 bumilita-
1015 421 1035 474 Α
1050 414 1168 469 dictabat
1184 423 1213 470 et
1233 414 1347 471 facultas
1368 415 1542 486 suppetebat,
1568 416 1624 470 [leo
1645 429 1725 486 opem
1747 415 1854 473 semoto

203 512 248 572 tis,
265 510 322 566 sine
333 508 386 571 titre
397 523 458 563 euru
473 509 658 577 coregnatori
678 524 831 562 mercamur
847 507 999 577 pervenire.

135 628 140 637 ·
204 602 237 655 Et
251 600 378 671 quoniam
393 614 442 668 per
453 598 606 667 apostolum
626 615 704 654 snum
724 617 774 655 nos
788 601 925 655 adiutores
939 615 1002 653 sitos

202 690 337 760 appellare
350 690 477 758 <lignatus
491 695 543 754 est,
563 697 591 744 et
604 698 696 744 sancta
711 689 835 752 ccclesia,
855 689 914 743 eius
929 688 1003 742 vide-

202 785 265 839 lieet
279 798 388 852 sponsa,
404 782 431 836 ln
446 783 587 852 scripturis
601 783 703 838 sanetis
716 791 793 836 ortus
807 790 849 837 est
858 781 1001 851 appellata,

201 873 345 931 cotidianis
356 873 494 928 exercitiis
505 874 634 928 adhibitis
646 874 752 928 sarculo
766 880 852 927 trottae
866 872 1002 942 operatio-

202 969 245 1022 nis
257 975 298 1019 cst
312 963 458 1018 excolenda
468 980 475 1026 ;
487 972 517 1017 nt
531 964 602 1018 slent
616 979 724 1032 semper
738 963 833 1018 nociva
848 963 874 1017 in
885 978 916 1016 ca
930 961 1003 1017 velut

203 1059 231 1113 in
246 1059 317 1111 bono
327 1070 394 1126 agro
413 1064 564 1125 ctrterguut,
586 1056 623 1109 lta
645 1071 752 1125 scrrrpcr
772 1055 871 1110 laboris
885 1055 1003 1124 bonique

203 1148 284 1203 studii
297 1147 470 1202 eradicentur
488 1147 578 1212 noxia,
601 1147 757 1216 plantentur
778 1146 865 1203 utilia.
890 1145 1003 1216 Oportet

202 1254 252 1293 nos
267 1238 373 1293 eunctis
386 1237 446 1291 eius
459 1239 681 1301 necessitatibus,
707 1238 810 1292 nisibus
829 1238 928 1308 quibus
941 1252 1004 1307 pos·

201 1343 307 1391 sumus,
323 1327 418 1381 devote
432 1325 590 1392 consulere;
607 1334 740 1396 quatenus
755 1326 782 1380 io
795 1327 855 1381 eius
876 1325 1003 1380 ernenda-

1053 507 1266 563 eonsulcremns.
1282 509 1314 564 lit
1327 509 1466 578 quantiam,
1488 508 1551 561 licet
1574 523 1654 576 saepe
1674 508 1707 562 de
1720 515 1795 564 stata
1807 522 1855 571 ως

1053 595 1196 653 ιΙιιιίιιιιιι
1216 607 1244 652 et
1263 599 1295 653 de
1309 598 1419 654 iustitiis
1430 599 1578 667 praeterito
1591 605 1713 667 tentpore
1728 599 1856 656 ordinas·

1053 704 1154 751 sentus,
1174 699 1203 745 ct
1222 691 1319 745 missos
1336 706 1385 760 per
1397 690 1502 759 singula
1517 690 1574 745 loea
1589 691 1812 757 destinassemus,
1826 701 1856 747 et

1054 780 1190 836 ittvidente
1209 783 1316 837 diabolo
1330 799 1378 851 per
1393 782 1552 837 tirannicam
1565 783 1726 852 pravitatem
1739 798 1858 854 praepe-

1053 872 1137 926 ditntn
1152 871 1257 940 luisset,
1278 875 1341 944 quia
1363 875 1493 929 Dominus
1512 875 1544 929 de
1564 875 1607 929 tris
1627 876 1858 944 opportunissime

1054 963 1220 1032 triumphare
1230 965 1365 1020 concessit
1372 973 1399 1019 et
1409 981 1503 1035 pacem
1514 966 1632 1036 undique
1642 967 1763 1032 donavit,
1775 982 1858 1037 optor-

1054 1055 1127 1108 tebat
1140 1065 1170 1109 nt
1181 1057 1232 1112 boe
1247 1067 1353 1127 tempus
1366 1058 1441 1127 pacis
1455 1058 1557 1113 indulte
1569 1059 1596 1113 in
1608 1074 1781 1115 communem
1792 1076 1859 1117 san·

1053 1155 1113 1200 ctae
1137 1146 1184 1201 bert
1205 1147 1334 1202 ecclcsiae
1349 1158 1376 1203 et
1393 1149 1515 1204 omnium
1535 1159 1689 1206 nostrorum
1707 1153 1859 1210 utilitatem

1055 1237 1271 1305 inpenderemus,
1288 1240 1375 1295 tribus
1389 1241 1515 1297 videlicet
1528 1243 1631 1308 modis;
1651 1251 1682 1298 ut
1702 1260 1773 1315 quae
1785 1247 1860 1304 bene

1054 1330 1179 1386 inchoata
1197 1341 1284 1396 cmot,
1300 1333 1355 1387 lico
1368 1333 1517 1388 auxiliante
1531 1333 1657 1390 ellectum
1677 1336 1856 1404 obtinetent;

204 1421 289 1486 tione,
314 1427 443 1490 quantum
466 1419 596 1474 Dominus
617 1434 696 1489 posse
719 1419 839 1484 dederit,
864 1426 1002 1473 tetecum
1052 1430 1080 1476 et
1102 1423 1195 1493 siqua
1215 1423 1284 1477 bona
1308 1424 1463 1489 voluntate,
1487 1426 1535 1481 sed
1550 1426 1658 1481 incauta
1677 1426 1857 1494 discretione,

204 1514 306 1570 mentis
319 1513 461 1569 devotione
482 1512 662 1578 elaborantes,
679 1513 706 1567 iu
720 1512 808 1581 aliqua
823 1509 1003 1582 parteaedill-
1052 1513 1135 1569 variis
1153 1514 1387 1583 praepedientibus
1408 1516 1499 1571 causis
1521 1517 1646 1573 inchoata
1670 1516 1801 1582 luissent,
1825 1528 1859 1578 ut

202 1611 309 1666 ciorum
333 1609 418 1673 illius,
443 1623 458 1662 a
483 1607 646 1663 fabricatore
669 1607 738 1670 cius,
762 1606 875 1660 Domino
899 1603 1002 1660 scillcet
1052 1606 1195 1677 diligenter
1215 1606 1412 1676 inspicerentur
1427 1608 1615 1679 discreteque,
1637 1619 1717 1679 prout
1739 1608 1860 1668 facultas

203 1705 265 1759 lesu
285 1701 403 1761 cbristo,
421 1700 507 1770 aptari
527 1714 689 1754 mercamur.
713 1697 829 1753 Proinde
850 1706 943 1752 netum
966 1696 1003 1751 sit
1052 1700 1220 1768 suppetebat,
1236 1699 1453 1771 corrigerentur;
1470 1701 1492 1755 si
1512 1716 1565 1771 qua
1578 1701 1660 1755 etiam
1675 1701 1707 1758 de
1728 1703 1859 1774 hisquae

203 1794 330 1850 omnibus
343 1792 468 1849 lidclibus
482 1792 582 1846 nostris
600 1800 711 1846 sanctae
726 1789 773 1843 Dei
792 1788 932 1854 eeclesiae,
953 1802 1002 1842 no-
1017 1774 1041 1836 ll
1054 1789 1206 1844 necessaria
1225 1798 1303 1844 erant
1318 1790 1410 1845 deesse
1424 1789 1587 1856 videremus,
1603 1800 1633 1847 ut
1645 1802 1857 1863 quaererentur,

202 1887 320 1955 strisque
345 1886 400 1939 lico
420 1885 592 1953 dispensante
615 1881 836 1950 successoribus,
859 1881 922 1951 quia
941 1895 1002 1935 eum

127 1968 133 1979 ⁸
203 1994 255 2034 nos
269 1978 349 2033 nullis
363 1976 542 2031 existentibus
555 1975 659 2029 meritis
669 1973 758 2029 divina
770 1973 865 2042 pietas,
882 1970 1003 2042 genitore

203 2081 298 2127 nostro
314 2071 394 2124 rebus
405 2066 531 2123 bumauis
544 2073 680 2134 exempto,
693 2063 727 2119 ud
736 2065 817 2118 buius
830 2062 936 2132 imperii
947 2061 1004 2117 cul·

204 2177 268 2218 men
279 2159 456 2231 provexisset,
469 2166 496 2213 et
506 2157 641 2228 quomodo
655 2163 702 2210 aut
712 2155 827 2225 qualiter
841 2153 1003 2210 desiderium

203 2253 288 2310 divini
309 2251 407 2315 cultus,
427 2248 499 2319 qnod
517 2248 551 2303 ab
569 2248 678 2303 ineunte
691 2254 789 2311 aetate,
798 2244 907 2302 Christo
921 2244 1005 2314 inspr-

205 2352 396 2409 rantem,ente
409 2338 669 2411 conceperamus,ad
683 2337 809 2393 ellectum
820 2337 934 2393 Domino
948 2333 1005 2391 sol-

204 2435 327 2506 lraganta
340 2433 560 2504 perduceremus,
576 2441 604 2485 et
615 2430 681 2501 quid
699 2429 780 2485 studii
795 2429 892 2499 quidve
904 2428 1004 2483 laboris

199 2528 392 2600 progenitores
410 2526 507 2590 nostri,
521 2527 666 2596 praecipue
689 2534 779 2580 tamen
800 2525 860 2594 piae
879 2523 1005 2578 recorda·

202 2622 287 2676 tionis
301 2620 406 2692 genitor
421 2624 522 2684 noster,
546 2616 573 2672 in
597 2615 759 2671 utilitatibus
777 2622 885 2669 sauctae
899 2613 1005 2668 Deiec-

203 2712 304 2769 clesiac
318 2709 500 2773 extabuerint,
517 2709 730 2773 adverteremus,
745 2716 772 2761 et
784 2706 828 2776 pia
844 2705 950 2760 illorum
964 2703 1005 2759 ia·

201 2811 248 2860 etu
256 2817 312 2861 uon
324 2802 411 2858 solum
422 2800 549 2856 inviolata
562 2812 734 2864 conservare,
745 2799 793 2857 sed
802 2797 884 2852 ctiam
896 2797 1004 2851 imitare

201 2913 253 2970 pro
268 2898 370 2952 viribus
385 2896 464 2951 nobis
483 2896 539 2949 lieo
557 2894 694 2949 concessis
711 2900 877 2962 optaremus,
901 2890 1005 2946 scilieet

201 2999 235 3046 ut
248 2990 345 3060 siquid
359 2989 387 3044 in
402 2986 592 3044 ecclesiasticis
605 2984 730 3056 negotiis,
751 2983 849 3038 sivein
864 2989 936 3038 statu
951 2981 1004 3037 rei-

203 3083 326 3154 publice,
347 3079 535 3137 emendatione
547 3078 658 3148 dignum
667 3074 908 3146 perspexissemus,
918 3088 1004 3144 quan-

1055 1889 1083 1935 et
1093 1882 1148 1935 Deo
1161 1881 1307 1937 auxiliante
1321 1882 1355 1937 ad
1368 1881 1492 1937 ellectum
1511 1884 1740 1953 perducerentur*
1760 1893 1858 1955 quate-

1055 1988 1107 2028 nus
1121 1972 1246 2042 ‹leineeps
1258 1988 1326 2043 opus
1339 1983 1463 2030 nostrum
1475 1990 1490 2029 a
1503 1976 1612 2031 oenrlne
1626 1977 1695 2031 inste
1710 1984 1804 2046 posset
1815 1989 1859 2031 re-

1054 2063 1200 2134 prebendi,
1220 2072 1248 2119 et
1268 2072 1323 2118 tam
1344 2065 1445 2120 uostris
1463 2081 1544 2136 quarn
1567 2065 1664 2122 lutaris
1688 2067 1859 2137 emporibus

1055 2156 1202 2211 multorum
1215 2155 1294 2210 saluti
1308 2156 1460 2226 proliceret,
1477 2167 1504 2212 et
1523 2159 1578 2214 lieo
1597 2160 1745 2229 opitulante
1757 2159 1859 2216 stabile

1054 2258 1235 2319 permaneret.
1257 2250 1311 2306 Sed
1332 2251 1449 2321 qualiter
1465 2243 1499 2309 de
1517 2253 1559 2308 his
1578 2254 1668 2309 divina
1691 2263 1859 2323 cooperante

1055 2343 1152 2413 gratia,
1176 2342 1301 2398 consultu
1323 2342 1453 2409 bdelium,
1476 2359 1526 2413 pro
1549 2344 1652 2400 viribus
1672 2354 1700 2400 et
1725 2342 1862 2416 ternpnris'

1054 2433 1198 2497 brevitate,
1214 2434 1277 2489 licet
1292 2450 1345 2490 non
1365 2444 1497 2505 quantum
1516 2436 1656 2492 debuimus
1666 2446 1693 2491 et
1708 2437 1859 2501 voluimus,

1055 2528 1102 2582 sed
1115 2535 1245 2597 qnantum
1265 2544 1281 2581 a
1301 2528 1356 2584 Deo
1369 2544 1447 2598 posse
1468 2530 1632 2599 accepimus,
1656 2532 1805 2601 egerinms,
1828 2542 1859 2588 et

1055 2618 1120 2688 quid
1142 2619 1287 2689 unicuique
1307 2620 1405 2685 ordini,
1429 2622 1566 2677 communi
1581 2631 1644 2677 vote
1663 2624 1860 2696 communique

1055 2725 1199 2774 consensu,
1212 2711 1353 2767 consulere
1374 2712 1571 2779 stutluerirnus,
1592 2713 1629 2768 ita
1649 2722 1679 2769 ut
1694 2714 1760 2784 quid
1775 2729 1861 2772 cauo-

1054 2804 1124 2861 nieis
1136 2805 1245 2874 proprie
1258 2805 1291 2860 de
1304 2805 1355 2866 bis,
1376 2806 1472 2875 quidve
1487 2806 1625 2862 monacbis
1643 2808 1862 2874 observandum,-

1055 2896 1120 2966 quid
1142 2896 1225 2950 etiarn
1249 2895 1277 2950 in
1300 2896 1404 2965 lepibus
1423 2896 1566 2952 mundantis
1585 2897 1776 2960 inducendum,
1792 2898 1861 2969 qnid

1055 3000 1161 3057 quoquc
1171 2985 1199 3041 ia
1213 2986 1337 3055 capitulis
1349 2986 1521 3041 inserendum
1533 2985 1612 3054 loret,
1623 2987 1863 3051 adnotaverimus,¹

1055 3084 1082 3132 et
1096 3077 1209 3149 siugulis
1220 3077 1324 3149 singula
1335 3078 1503 3134 observanda
1518 3080 1750 3146 contraderemus,
1765 3090 1862 3137 tamru

205 3186 262 3231 tum
276 3175 406 3229 murinus
418 3187 497 3242 posse
512 3171 603 3234 dabat,
625 3176 718 3223 nostro
738 3167 827 3222 studio
846 3166 1002 3221 emendare.
1017 3147 1041 3210 C
1057 3176 1087 3223 ut
1101 3168 1157 3223 sive
1167 3169 1269 3224 nostris
1283 3169 1339 3224 sive
1358 3184 1543 3225 successorum
1556 3178 1710 3226 nostrorum
1726 3172 1861 3242 tempori·

203 3264 238 3319 Et
248 3272 360 3319 actenus
374 3263 437 3331 binc
448 3261 509 3315 iude
519 3259 715 3314 mundanorum
731 3257 868 3312 turbinum
879 3254 1005 3326 procellis
1057 3259 1108 3314 bus
1120 3268 1179 3313 rata
1199 3258 1296 3324 lorent,
1312 3268 1340 3314 et
1360 3260 1551 3316 inviolabiliter
1562 3262 1619 3317 Deo
1632 3273 1772 3317 annuente
1793 3278 1862 3319 (m.

203 3353 427 3425 emergentibus,
453 3348 697 3417 diversissimisque
720 3346 942 3416 occupationibus
965 3344 1006 3398 in-
1057 3355 1240 3414 serrarentur,
1253 3350 1354 3419 placuit
1367 3351 1487 3406 nobisea
1502 3367 1570 3421 quae
1589 3361 1718 3424 congesta
1736 3362 1811 3420 sunt,
1822 3353 1860 3412 oh

206 3444 366 3517 eruentibus
378 3439 537 3511 praepediti,
558 3445 588 3493 ut
608 3446 813 3506 optaveramus,
830 3433 938 3489 elileere
959 3447 1007 3487 ue-
1057 3441 1204 3497 memmtae
1224 3439 1412 3511 firmitatisque
1433 3442 1567 3512 gratiam,
1589 3442 1615 3496 p„
1634 3458 1720 3497 unum
1739 3445 1858 3500 wicum

204 3537 395 3609 quivissemus,
417 3533 498 3588 buius
513 3531 552 3585 rei
574 3531 660 3601 gratia
683 3536 781 3599 quarto
804 3542 875 3581 anno
900 3526 1006 3596 imperii
1058 3547 1213 3603 congerere,
1234 3541 1261 3587 et
1280 3533 1408 3588 subiectis
1422 3533 1546 3603 capitulis
1565 3535 1704 3600 adnotare,
1725 3544 1755 3590 et
1768 3535 1795 3591 in
1809 3552 1860 3607 pu-

124 3643 128 3649 ·
204 3627 302 3691 nostri,
316 3624 454 3680 arcersitis
467 3620 603 3677 nonnullis
622 3619 772 3690 episcopis,
792 3618 945 3681 abbatibus,
958 3633 1004 3673 ea·
1054 3620 1126 3675 blico
1139 3620 1250 3676 arcbivo
1263 3621 1421 3688 recondere;
1445 3629 1475 3676 ut
1487 3637 1657 3678 successores
1672 3624 1730 3679 Deo
1749 3625 1859 3695 depen-

205 3719 320 3782 ttonicis,
329 3725 357 3772 et
367 3715 517 3776 monacbis,
529 3721 556 3767 et
567 3711 699 3774 lrdelibus,
708 3711 882 3780 optimatibus
893 3710 1003 3775 nostris,
1055 3719 1132 3765 sante
1142 3711 1239 3776 nostri,
1253 3719 1345 3766 nostra
1358 3713 1402 3781 pia
1413 3710 1484 3768 lacta
1497 3721 1699 3778 conservantes,
1714 3714 1769 3785 ipsi
1778 3715 1859 3771 nihil·

203 3811 358 3869 studuimus
380 3823 473 3863 corum
495 3805 621 3862 consultu
645 3804 816 3876 sagacissima
842 3802 1005 3873 investigare
1054 3801 1161 3857 ominus
1175 3803 1246 3857 bona
1265 3801 1336 3858 laeta
1358 3818 1407 3860 sua
1425 3805 1625 3860 successorihus
1646 3805 1705 3861 suis
1724 3806 1857 3864 seman&

205 3904 391 3977 inquisitione,
406 3901 523 3972 qualiter
535 3899 680 3968 unicuique
698 3897 796 3961 ordini,
811 3898 1004 3953 canonicorum
1055 3893 1229 3962 perdoceant.

201 3998 339 4061 videlicet,
356 3994 551 4051 monachorum
565 3999 594 4047 et
607 3990 747 4055 laicorum,
762 3989 837 4045 iuxta
850 3989 1005 4060 quadratio
1416 3987 1502 4044 Finis,

851 4101 1222 4122 ..-.-.-...

241 4173 396 4246 Capitulure
407 4171 440 4225 ad
455 4167 653 4224 ecclesiasticos
666 4164 775 4220 ordines
794 4162 931 4232 pertinens
949 4159 1038 4229 pmdit
1055 4174 1106 4229 ope
1118 4158 1247 4216 Codicum
1261 4158 1287 4212 i.
1299 4158 1418 4229 ejusdem
1430 4160 1495 4215 bibl.
1509 4159 1589 4231 regite
1607 4160 1715 4230 Paris,
1738 4181 1766 4219 ιι.
1784 4163 1857 4222 atta

205 4261 322 4304 seem.
342 4243 369 4296 Ξ.
383 4240 449 4295 bibl.
462 4237 565 4293 ducalis
578 4236 796 4305 Goellerbytanau
809 4229 1042 4301 blattltcnhurgicl,
1063 4246 1125 4285 suae.
1139 4245 1166 4283 x.
1187 4231 1214 4285 3.
1230 4229 1294 4284 bibl.
1310 4230 1412 4286 ducalis
1430 4229 1571 4294 Gothanae,
1592 4247 1655 4289 nuc.
1672 4249 1713 4289 ιιι.
1730 4234 1857 4291 Baluzitts

206 4333 270 4373 vero
284 4315 458 4369 udlrilruerat:
472 4309 505 4371 l,
519 4307 552 4372 5,
564 4306 591 4362 6.
604 4306 688 4362 Cedd.
702 4305 766 4359 bibl.
783 4303 881 4369 Paris,
895 4319 923 4357 o.
935 4300 1005 4355 tout
1018 4300 1197 4372 bigotianum,
1219 4299 1289 4356 tatto
1311 4299 1344 4354 A.
1370 4300 1399 4356 S.
1423 4301 1537 4425 Remigi
1563 4302 1764 4373 llberoeusem,
1784 4306 1859 4365 ttae

206 4387 234 4443 S.
244 4383 377 4441 vincentii
388 4381 603 4440 bantlunensem,
618 4376 753 4498 aliumque
766 4374 939 4436 Tbuaneum;
954 4380 982 4426 ct
995 4380 1083 4425 exstat
1094 4379 1223 4440 praeterea
1239 4369 1265 4425 in
1278 4370 1343 4426 Cod.
1359 4371 1423 4427 bibl.
1438 4387 1494 4442 reg.

1529 4372 1593 4428 aris.
1606 4372 1700 4430 Funde
1710 4376 1745 4431 de
1756 4375 1857 4433 Nette-

205 4454 289 4512 Dame
306 4454 337 4508 F.
355 4451 464 4516 d,s:cc.
477 4465 510 4513 tt,
525 4456 606 4516 atque
618 4447 707 4516 capitu
720 4463 734 4499 a
748 4444 821 4508 t-t,
838 4443 888 4506 ta,
907 4440 955 4507 tt,
972 4440 1022 4506 ΞΒ,
1037 4440 1064 4507 5,
1080 4442 1106 4495 in
1121 4441 1187 4497 Cod.
1202 4456 1229 4495 o.
1241 4440 1312 4496 tout
1325 4441 1358 4494 t.

205 4579 221 4610 ⁸
234 4564 309 4620 Haec
327 4557 443 4632 capitula
464 4556 567 4636 proprie
588 4554 622 4608 ud
646 4554 779 4624 episcopos
793 4551 833 4606 trel
852 4550 886 4605 ed
901 4549 1005 4603 ordiner
1019 4551 1045 4610 D
1058 4548 1130 4603 lattte
1145 4548 1269 4604 conicere
1288 4559 1422 4619 optamus.
1443 4550 1544 4606 'lamen
1559 4562 1589 4607 nl
1604 4553 1639 4608 ab
1659 4554 1855 4615 ecclesiasticis

278 4647 357 4703 oeque
373 4627 560 4684 ecclesiasticos
581 4625 748 4703 pertinentia,
764 4639 832 4694 quae
848 4638 900 4675 non
920 4619 1005 4701 reluat

240 4651 277 4760 z?
284 4702 429 4758 obseruare,
445 4697 489 4751 red
504 4696 583 4749 etiem
602 4694 651 4748 sili
669 4693 792 4748 srtdtectis
804 4691 842 4746 ecl
857 4706 1004 4744 coarmatus

240 4771 365 4846 {emenda
379 4768 519 4841 perdocere
528 4765 630 4820 delerat.

237 4929 268 4983 l.
280 4925 348 4994 Quia
362 4923 435 4977 iuxta
450 4925 604 4974 sanctorum
615 4923 723 4986 patrum
741 4914 912 4970 traditionem
927 4912 1003 4967 novi-

201 5036 266 5077 mus
277 5033 321 5073 res
330 5011 461 5070 ecelesiae
474 5016 536 5064 vota
550 5023 610 5064 esse
629 5006 762 5069 bdelium,
776 5005 863 5076 pretia
874 5011 1000 5074 peceato·

204 5127 284 5174 rum,
303 5116 331 5163 et
349 5101 510 5176 patrimonia
527 5113 695 5170 pauperum,
720 5097 817 5167 cuique
835 5112 888 5151 nou
912 5095 999 5150 solum

206 5204 299 5262 habita
317 5210 487 5261 conservare,
511 5192 706 5249 verumetiam
731 5191 815 5245 multa
838 5191 893 5245 Deo
911 5190 1000 5260 opitu·

1057 4641 1090 4696 dc
1110 4656 1164 4694 raon
1184 4640 1333 4696 dividendis
1355 4643 1436 4697 rebus
1459 4643 1529 4698 illius
1548 4644 1733 4714 suspicionem
1752 4647 1853 4704 dudunt

1056 4739 1213 4801 conceptam
1228 4731 1337 4801 penitus
1350 4747 1547 4799 amoveremus,
1563 4736 1709 4792 statuimus
1722 4747 1752 4793 ut
1767 4752 1854 4811 neque

1055 4823 1155 4878 nostris
1169 4839 1256 4894 neque
1271 4823 1397 4890 siliarum,
1417 4833 1444 4879 et
1459 4826 1514 4880 Deo
1527 4827 1700 4896 dispzasante
1714 4844 1852 4886 successo-

1055 4930 1115 4969 rum
1134 4925 1289 4969 uestrorum
1309 4917 1490 4985 temporibus,
1514 4917 1559 4986 qui
1580 4927 1703 4973 nostram
1728 4919 1771 4975 vel
1791 4935 1851 4990 ptu-

1054 5006 1205 5078 genitorum
1220 5015 1374 5061 nostrorum
1388 5009 1552 5062 volutatatem
1566 5009 1606 5062 vel
1620 5011 1776 5081 exemplum
1793 5011 1850 5066 iuti-
1869 5046 1903 5079 .-

1055 5101 1107 5154 lari
1118 5099 1260 5165 voluerint,
1281 5100 1363 5155 ullam
1376 5101 1383 5132 ¹
1394 5102 1502 5170 penitus
1520 5101 1680 5158 divisionem
1701 5113 1748 5159 aut
1768 5104 1850 5160 iaetu·
1865 5134 1903 5151 -

1053 5206 1112 5247 ram
1132 5192 1260 5262 patiatur.

775 5274 781 5279 ’
826 5280 1023 5338 tautanius
1040 5283 1240 5341 teubertus.

985 5423 1101 5482 NOTAE.

245 5366 253 5397 ¹
268 5362 369 5419 nullam
383 5359 410 5413 2.
424 5359 451 5413 5.

242 5521 497 5594 nominarim-um
518 5517 697 5587 capitulorum
720 5517 888 5587 Exemplaria
906 5518 1004 5574 bubni·
1055 5529 1110 5575 tem
1132 5521 1227 5578 borum
1252 5520 1429 5592 capitulomm
1452 5530 1547 5575 auctor
1571 5522 1638 5576 litae
1658 5519 1790 5577 betterici
1808 5515 1903 5575 e?-

207 5609 372 5656 rens.-unuru
387 5606 403 5647 e
416 5588 579 5644 bibliotheca
592 5586 715 5652 ΤΙιιιιιιι,
736 5588 849 5644 alterum
870 5604 903 5645 ex
923 5589 1001 5659 llige-
1053 5593 1123 5661 apud
1136 5591 1328 5659 Ducbesnium,
1343 5603 1409 5648 tom.
1422 5591 1453 5657 ll,
1468 5606 1529 5662 pap.
1547 5591 1617 5647 298.
1632 5591 1676 5646 nd
1699 5591 1796 5647 caelen
1807 5602 1903 5648 ι’

112 5600 292 5736 ”aaa
312 5664 421 5719 tertium
434 5659 506 5728 quod
520 5657 570 5714 luit
587 5659 672 5714 sancti
692 5659 805 5730 lleroigii
827 5660 996 5721 boemensis.
1053 5663 1132 5731 spicit
1149 5663 1264 5720 tornata
1278 5671 1372 5720 oetam
1386 5661 1543 5734 appendicis
1555 5660 1688 5718 llarotrltl.
1705 5659 1807 5720 mam.

288 5750 333 5793 am
355 5731 441 5787 sandi
458 5727 589 5786 vincentii
605 5728 800 5786 Larrtduncnsis.
817 5729 937 5788 blentinit
956 5747 1002 5785 au-
1091 5755 1097 5768 ·
