3826 6112
146 265 196 322 tas
587 257 617 309 li.
637 253 762 310 canati
782 252 816 307 hl.
838 253 913 309 OPP.
933 250 1022 306 PARS
1040 251 1061 305 l.
1081 249 1202 308 statuto
1222 250 1337 305 Patala.
1724 254 1777 312 spa

141 375 231 431 dicam
245 369 325 443 paula
338 368 574 441 postsequuntur
587 362 930 433 posteaiaeaderncadice
945 370 968 424 Α
982 376 1035 415 naa
1049 361 1138 422 babet.
1154 363 1324 430 primumque
1338 359 1508 428 Capitulum,
1525 361 1597 429 quad
1614 363 1648 417 ad
1674 364 1779 422 ltaliam

145 441 326 502 Bellouaceasi
352 437 473 509 Capitale
495 435 584 490 Caroli
613 433 698 499 Calui,
729 449 783 487 nan
821 434 928 500 atridem
980 431 1446 500 patiusspcetet,penitusamittit.
1469 431 1591 485 Habebat
1617 442 1708 489 tamen
1736 437 1780 491 bi-

144 516 246 576 amnia,
260 511 307 566 sed
322 509 406 562 multa
420 507 497 577 plura
515 519 595 573 quam
621 504 754 559 habentur
776 503 802 555 in
817 503 930 570 reliquis
982 500 1114 555 bliatheca
1126 500 1247 554 Palatina
1263 499 1379 554 similem
1395 501 1525 562 codicem,
1540 502 1585 574 aui
1600 519 1671 558 nurrc
1686 503 1781 562 Raptae
1806 548 1808 550 ψ

143 582 350 652 exemplaribus.
367 572 616 631 Tamenctsiautem
630 570 751 628 liherille
764 572 931 626 sitarnnium
980 571 1110 625 eustatio
1125 570 1264 631 Vaticana,
1281 577 1311 623 ut
1332 569 1452 624 dicemus
1476 570 1554 624 inira.
1571 572 1625 626 Sed
1647 583 1779 641 praetcrea

143 670 212 723 rpuas
225 651 276 705 ridi
288 647 486 716 integerrimus,
499 643 663 698 additionem
674 642 788 711 primam
801 657 855 695 aaa
880 641 930 695 ba·
981 640 1086 693 viderat
1101 639 1260 694 Sirmandus
1276 640 1358 692 :alium
1386 640 1539 708 quempiam
1561 651 1681 696 veterem
1705 645 1780 701 cadi-

45 737 49 745 ·
144 725 211 786 bet„
221 727 250 774 ur
262 733 342 787 supra
357 715 458 769 monui,
982 724 1050 773 cena,
1068 710 1141 763 illum
1156 710 1254 778 ipsum,
1269 718 1298 762 ut
1322 725 1448 778 augrrrar,
1478 725 1557 778 quern
1571 710 1779 769 Gandarensetn

180 784 296 844 titali.
310 785 456 840 Habuimus
470 781 564 837 deinde
575 790 693 837 ueterem
714 780 839 848 hasegisi
861 781 932 835 cadi·
981 787 1009 832 ct
1023 779 1193 833 Flandricum
1205 787 1293 842 vacat,
1310 778 1388 847 cujus
1400 794 1479 833 usum
1494 780 1624 834 habuerat
1636 783 1672 835 ab
1699 785 1781 838 lieri·

144 876 202 916 acm
217 873 248 912 ex
275 856 435 912 bibliotheca
450 851 592 907 clarissimi
619 851 669 904 riri
695 849 835 904 Philiberti
850 849 883 904 de
907 850 931 903 la
982 848 1060 903 berto
1076 848 1242 918 ltasweyrl03
1257 864 1319 901 nara
1331 849 1357 901 ia
1371 849 1477 903 schedis
1489 849 1548 916 eius
1562 851 1691 906 rrannulla
1701 868 1730 906 re
1741 868 1781 906 re-

145 931 227 993 ilarc,
240 925 372 981 senatoris
382 922 560 984 libianensis,
576 922 602 974 in
617 936 670 989 qua
680 928 812 988 praeterea
825 927 933 974 exstant
983 918 1006 971 ri
1020 917 1110 971 addita
1128 917 1326 986 capitularibus
1346 917 1435 973 Caroli
1455 918 1542 988 Magni
1561 935 1622 988 qnae
1641 937 1695 977 nan
1715 923 1780 978 aihi

144 1001 245 1068 aliquot
255 996 343 1052 Caroli
352 993 426 1048 Calui
440 990 572 1061 Capitula.
587 991 632 1046 Usi
651 990 732 1044 etiarn
743 1003 837 1043 sumus
848 989 932 1044 reteri
982 987 1117 1057 leguntur.
1128 986 1234 1041 Certant
1245 997 1336 1041 tamen
1349 996 1376 1041 et
1391 986 1570 1042 indubitatam
1587 992 1780 1047 aucutritateru

144 1070 213 1124 libra
234 1066 318 1122 saneti
340 1062 470 1131 hmulphi
498 1062 641 1125 Maiensis,
665 1058 694 1112 in
715 1074 768 1127 qua
798 1059 932 1127 descripta
983 1056 1093 1120 habant,
1102 1057 1164 1126 quia
1175 1066 1282 1125 reperta
1300 1066 1364 1111 sunt
1386 1057 1456 1111 inter
1475 1059 1588 1114 schedas
1611 1062 1742 1126 magrini
1758 1062 1778 1128 i,

145 1147 208 1193 sunt
222 1136 337 1207 piurima
350 1132 472 1201 Capituli
484 1136 609 1198 excerpta
619 1145 653 1184 ex
676 1128 762 1182 tribus
788 1129 933 1196 postremis
983 1126 1040 1194 ejus
1051 1142 1131 1180 nrarm
1147 1127 1290 1194 descripta.

99 1238 102 1243 ·
144 1202 513 1276 capitulariumlibris,abea
539 1197 934 1268 uipriaresquatnarbauddu-
1019 1195 1147 1250 Laxta.
1162 1197 1190 1250 Si
1218 1196 1348 1250 riticatum
1361 1196 1456 1250 deinde
1466 1197 1532 1251 mihi
1546 1206 1589 1252 est
1600 1207 1709 1256 exstare
1731 1216 1780 1257 re·

144 1278 187 1332 bie
195 1282 375 1330 coenaverat.
388 1272 468 1326 istius
478 1216 844 1337 madiexcerptalrequentcr
855 1282 932 1336 repe-
983 1275 1028 1320 tus
1039 1266 1175 1335 exemplar
1208 1266 1380 1334 capitularium
1395 1266 1422 1320 in
1435 1267 1598 1322 bibliotheca
1620 1273 1779 1328 martasterri

144 1348 251 1400 riantur
260 1345 288 1399 in
304 1343 440 1398 veteribus
451 1340 537 1403 libris,
552 1339 598 1393 ubi
623 1345 733 1405 accepta
749 1335 877 1390 dicuntur
899 1352 933 1390 ex
984 1334 1076 1392 Sancti
1095 1336 1232 1390 Michaelis
1258 1336 1284 1389 in
1303 1335 1426 1390 Pericula
1450 1337 1543 1391 araris.
1569 1337 1681 1418 Capiam
1706 1341 1780 1398 iilius

144 1415 266 1471 caeciliis
279 1428 371 1482 regum
385 1411 483 1480 quibus
506 1410 610 1479 legatus
621 1407 777 1477 apostalice
802 1405 874 1462 sedis
888 1405 932 1460 in·
983 1406 1049 1460 mihi
1062 1406 1186 1460 lubenter
1195 1405 1259 1459 lecit
1271 1405 1303 1458 h.
1318 1405 1347 1458 P.
1360 1405 1475 1460 darnnus
1490 1406 1650 1464 Laurentius
1674 1410 1778 1466 iluna!-

144 1483 412 1545 terluit'Banilaeius,
429 1489 459 1534 ut
473 1480 536 1534 alibi
550 1492 700 1534 manemus.
984 1483 1038 1540 tus,
1050 1476 1125 1546 prior
1138 1474 1257 1542 ejusdem
1266 1475 1432 1540 manasterii,
1444 1476 1478 1530 ad
1491 1492 1571 1546 qoem
1580 1492 1612 1531 ea
1626 1479 1659 1534 de
1670 1494 1698 1534 rc
1710 1483 1779 1536 scri.

178 1553 283 1608 LXXV.
294 1552 376 1606 i'etus
388 1550 524 1618 exemplar
530 1549 600 1618 quad
611 1546 661 1601 luit
674 1545 810 1601 Francisci
820 1545 931 1610 Pithoei,
983 1554 1093 1614 pserunt
1103 1561 1152 1614 pra
1165 1544 1282 1600 amicitia
1307 1556 1399 1599 nostra
1417 1554 1445 1600 et
1462 1545 1630 1602 humanitate
1655 1565 1704 1604 sua
1726 1551 1778 1605 viri

143 1632 171 1677 et
183 1639 254 1677 nuuc
263 1629 353 1676 exstat
363 1621 391 1674 in
401 1619 563 1675 bibliotheca
577 1616 695 1672 Oratorii
710 1615 860 1679 Treeeasis,
876 1630 933 1671 me·
984 1615 1127 1670 clarissimi
1139 1615 1229 1671 damni
1244 1616 1329 1690 Lucas
1342 1615 1489 1670 bacharius
1503 1625 1530 1671 et
1542 1614 1660 1673 loannes
1679 1619 1778 1675 dabit-

144 1708 205 1745 eum
219 1690 411 1744 humanissime
420 1687 628 1743 communicarit
640 1686 681 1740 vir
690 1685 855 1741 clarissimus
865 1683 932 1741 hbet
984 1684 1082 1749 lanius,
1098 1684 1221 1739 monachi
1232 1685 1408 1748 lbnedietini,
1424 1685 1532 1739 nomina
1546 1687 1614 1741 satis
1626 1697 1691 1744 nota
1703 1688 1778 1745 inter

145 1760 378 1824 Sammartbaaus,
410 1757 624 1828 eetigr-aganonis
649 1755 766 1810 Oratorii
795 1755 822 1808 in
847 1754 933 1810 Gallia
948 1720 1114 1810 Bbonarum
1147 1754 1299 1809 litterarum
1321 1754 1465 1810 studiosos.
1490 1755 1571 1811 initia
1590 1756 1697 1813 Codicis
1721 1760 1777 1815 ista

145 1830 304 1902 praepositus
317 1827 459 1899 garreralis.
471 1827 551 1881 biber
562 1834 651 1880 autem
665 1825 710 1881 ille
721 1825 759 1878 ita
773 1833 890 1890 canstat,
902 1834 933 1881 ut
984 1825 1085 1895 scripta
1092 1834 1155 1879 sunt
1169 1824 1317 1895 antiquitus
1330 1841 1336 1878 :
1351 1823 1366 1878 1
1369 1842 1385 1878 a
1397 1824 1444 1879 hac
1458 1824 1586 1881 calunniae
1610 1829 1777 1883 contineatur

145 1901 232 1970 prima
258 1899 365 1968 quidem
389 1896 539 1966 reperiatur
562 1894 684 1966 praelatio
713 1893 848 1964 dnscgisi,
875 1903 933 1950 tum
983 1893 1189 1964 quotuorliielli
1202 1893 1382 1965 capitulorum
1397 1893 1487 1948 Caroli
1499 1896 1534 1949 im
1554 1899 1664 1952 crutaris
1678 1909 1703 1952 et
1726 1899 1777 1953 ha·

144 1968 270 2039 praelatio
281 1967 370 2022 Caroli
384 1967 424 2020 ila
463 1965 480 2031 i,
495 1966 556 2020 dein
569 1965 740 2034 praelationes
751 1964 871 2028 secundi,
883 1973 934 2020 ter·
983 1964 1068 2018 doaici
1082 1964 1131 2033 filii
1143 1965 1210 2034 ejus,
1222 1963 1322 2018 collecti
1334 1963 1365 2017 ub
1380 1965 1504 2034 darsepiso
1516 1912 1619 2032 agitate,
1629 1977 1653 2021 et
1665 1976 1719 2023 tres
1730 1969 1777 2023 clii

142 2039 174 2092 tii
185 2047 212 2093 et
224 2038 312 2109 quarti
331 2037 402 2093 libri.
418 1981 545 2157 &linitur
557 2044 652 2103 pastea
670 2032 782 2103 epistola
797 2033 933 2090 Zachariae
984 2033 1084 2087 collecti
1096 2051 1112 2087 u
1124 2034 1263 2088 benedicto
1282 2034 1403 2098 diacono,
1429 2051 1540 2105 carorum
1560 2035 1669 2091 ultianus
1692 2039 1775 2092 deest.

144 2109 180 2164 Pa
201 2125 233 2173 ιε,
248 2108 359 2163 Francis
372 2114 400 2162 et
445 2105 504 2159 alis
518 2105 630 2170 directa,
649 2111 677 2159 et
700 2104 818 2173 synodus
842 2103 932 2160 habita
984 2102 1082 2168 ilecte;
1106 2118 1167 2158 nam
1184 2103 1275 2160 Codex
1298 2103 1351 2158 iste
1374 2103 1514 2158 desinitia
1534 2106 1687 2174 capitebbi
1714 2107 1777 2163 libri

144 2124 386 2234 sugdarlamanna
400 2175 530 2246 principe.
548 2175 744 2229 Describuntur
764 2171 861 2229 deinde
873 2189 933 2229 rer·
983 2174 1063 2227 sexti.
1077 2174 1173 2228 Postea
1184 2175 1305 2243 sequitur
1319 2188 1325 2227 :
1341 2172 1395 2226 lste
1408 2172 1474 2228 liber
1491 2184 1529 2229 εει
1551 2176 1644 2230 Sancti
1660 2176 1777 2231 biclare-

144 2263 192 2303 sus
206 2248 252 2329 qui
263 2245 382 2319 praeponi
396 2245 483 2301 solent
499 2243 585 2299 tribus
608 2242 752 2314 postremis
765 2241 841 2297 libris
855 2242 934 2313 Capi·
983 2240 1017 2296 lis
1030 2242 1062 2297 de
1075 2241 1197 2297 Pericula
1211 2245 1304 2307 ituris,
1324 2259 1401 2313 uuam
1414 2243 1526 2298 dorrraas
1543 2244 1670 2300 liebertus
1695 2247 1777 2302 ubios

144 2317 287 2382 tularrum;
301 2327 328 2372 et
342 2323 401 2386 post
411 2328 506 2369 versus
522 2313 593 2378 illas,
608 2322 667 2369 aeta
679 2311 775 2383 synodi
794 2312 933 2380 Liptinea-
983 2309 1043 2378 fecit
1054 2311 1122 2380 lieri.
1138 2312 1214 2378 Quod
1228 2328 1278 2382 ego
1299 2313 1464 2382 interpretor
1484 2314 1517 2369 de
1537 2314 1655 2371 lieberto
1679 2316 1777 2373 abbate

145 2388 194 2451 sis,
205 2395 232 2441 et
244 2387 296 2440 alia
310 2385 432 2457 quaedam
457 2383 579 2453 Capitula
591 2398 624 2438 ex
648 2383 723 2437 libris
739 2381 933 2451 Capitularium
983 2380 1127 2445 ilamensi,
1143 2380 1220 2449 eujus
1233 2391 1342 2438 exstant
1361 2384 1529 2438 accessiones
1553 2393 1581 2438 et
1593 2386 1728 2458 appendia
1738 2388 1776 2442 ad

145 2456 209 2510 binc
242 2456 304 2512 inde
329 2455 441 2510 collecta
468 2455 570 2535 absque
600 2453 703 2509 ordino.
739 2451 858 2506 Tandem
891 2468 934 2508 se-
983 2448 1163 2520 Sigebertom,
1177 2467 1258 2520 quern
1271 2469 1333 2508 aera
1347 2453 1478 2508 hienricus
1488 2454 1776 2510 arcltidiaeanusiiun·

144 2535 265 2595 quantur
298 2525 361 2580 libri
388 2523 600 2592 capitularium,
626 2522 673 2577 sed
696 2536 750 2575 uan
773 2521 879 2590 integri,
903 2529 933 2577 ut
983 2519 1336 2591 tindamensis,iuepistola
1350 2523 1775 2588 adilarinum,docetiuissetam

144 2604 206 2663 pate
216 2595 244 2649 ia
255 2595 353 2664 quibus
365 2595 481 2648 maxima
493 2609 556 2663 pars
565 2591 750 2661 capitulorum
769 2591 858 2661 posita
878 2607 932 2647 non
984 2590 1130 2644 diuinorum
1144 2608 1222 2661 qaum
1235 2593 1402 2647 secularium
1413 2593 1539 2647 librorum
1559 2594 1739 2664 inquisitorem
1751 2606 1775 2649 et

143 2672 195 2729 est,
208 2665 255 2720 sed
269 2665 313 2719 illa
327 2672 432 2718 tantum
443 2678 503 2732 quae
520 2661 659 2731 scriptoris
689 2661 751 2715 enia
775 2669 823 2714 aut
836 2662 932 2718 studiis
982 2671 1189 2715 coacervatorem
1208 2663 1429 2717 studiosissimum
1453 2663 1582 2734 (ulppead.
1598 2664 1632 2716 cd
1652 2662 1773 2719 Guibert.

91 2744 95 2751 ·
144 2735 339 2790 carrdueebaat.
354 2733 383 2787 la
402 2734 453 2787 hac
476 2741 607 2802 praeterea
633 2677 791 2786 calYectiane
810 2739 933 2787 servatus
981 2728 1014 2782 de
1030 2728 1136 2800 lloaip,⁸
1151 2749 1177 2802 p.
1197 2731 1248 2786 tea
1264 2770 1271 2784 .
1285 2731 1360 2798 Quod
1373 2748 1464 2786 rerum
1482 2747 1542 2788 esse
1566 2733 1682 2801 probare
1705 2749 1775 2803 pree-

144 2818 197 2857 nan
210 2812 253 2858 est
265 2804 331 2859 ardo
344 2802 483 2873 vulgatum
499 2817 562 2856 nam
576 2817 637 2857 cum
653 2800 762 2922 reliquae
774 2815 868 2855 amnes
880 2801 933 2856 Ca·
982 2806 1056 2854 terea
1068 2800 1237 2870 videturque
1270 2812 1362 2857 narrat
1376 2817 1456 2870 supra
1473 2802 1596 2857 laudatus
1620 2802 1706 2859 Lucas
1720 2804 1775 2858 lla·

163 2873 299 2927 italarinm
312 2872 485 2928 collectiones
495 2872 588 2927 diuisa
600 2871 654 2926 sint
675 2870 703 2925 in
726 2870 798 2926 ibras
817 2879 929 2939 septem,
981 2869 1100 2935 citerius,
1114 2871 1214 2927 vidisse
1227 2887 1257 2926 se
1284 2872 1379 2942 ingens
1398 2873 1476 2926 Plinii
1498 2872 1672 2928 historiarum
1696 2875 1774 2928 valu-

144 2888 201 2997 Kaec
214 2944 264 2997 sub
278 2957 331 2997 ana
345 2956 518 2997 numeroram
541 2942 612 2997 serie
632 2939 716 2995 diuisa
729 2948 771 2994 est
796 2940 823 2994 in
849 2941 931 2998 tibros
981 2953 1044 2994 men
1064 2939 1265 3010 elegantissime
1286 2943 1428 3011 seriptum,
1451 2957 1466 2997 e
1493 2943 1617 2997 canobio
1640 2942 1774 2999 Montensi

145 3027 252 3076 narem,
268 3012 294 3067 in
308 3013 407 3081 quibus
420 3012 593 3067 eontinentur
607 3011 689 3066 etiam
699 3009 821 3079 Capitula
835 3026 931 3068 eucer—
981 3010 1181 3077 transmissum,
1193 3011 1239 3066 ubi
1252 3013 1311 3067 haec
1322 3012 1393 3066 inter
1404 3012 1454 3066 alia
1479 3011 1624 3082 leguntur:
1643 3012 1774 3084 Prolopas

143 3090 189 3151 pta
204 3097 236 3137 er
252 3083 338 3137 trihus
352 3082 495 3152 postremis
507 3081 697 3138 additionibus.
713 3081 854 3135 Postrema
867 3088 929 3150 post
942 3081 966 3147 c
981 3078 1087 3132 ilolerti
1102 3081 1208 3135 albioris
1223 3083 1250 3135 ia
1265 3081 1399 3147 Plinium·
1421 3083 1466 3153 qui
1488 3091 1511 3135 ct
1527 3083 1611 3152 ipsura
1625 3082 1722 3136 librum
1746 3085 1773 3139 ia

144 3160 225 3221 eaput
237 3152 289 3206 tlt
300 3152 379 3207 istius
392 3152 557 3208 collectionis
567 3152 702 3206 adduntur
716 3150 802 3205 adlruc
816 3149 866 3204 {39
879 3150 930 3207 Ca·
982 3148 1176 3203 Narmanhiom
1197 3150 1309 3215 adiecit,
1329 3161 1353 3205 et
1369 3161 1520 3222 corruptura
1542 3153 1654 3206 currerit
1677 3152 1772 3223 (ibid,

143 3221 227 3294 pirula
239 3232 363 3292 excerpta
374 3237 408 3277 ex
420 3219 709 3291 librisCapitulariom.
722 3219 797 3276 Unde
807 3219 930 3276 fortassis
981 3234 1007 3287 p.
1025 3218 1098 3290 lib).
1113 3218 1184 3274 ldcm
1196 3220 1223 3274 in
1234 3220 1310 3277 Natis
1326 3223 1360 3277 ad
1375 3221 1504 3291 epistolas
1517 3221 1669 3285 Lanterna,
1684 3224 1774 3277 arehi-

141 3291 202 3348 ealli
222 3292 229 3346 i
241 3300 331 3361 potest
344 3291 410 3346 alias
424 3291 688 3362 quoqueadditioues
697 3299 758 3360 past
767 3299 890 3359 quartam
901 3291 928 3345 in
981 3288 1100 3358 episcopi
1110 3287 1321 3356 Cantaariensis,
1334 3306 1395 3345 cunr
1411 3300 1514 3346 texeret
1524 3291 1677 3362 catalogum
1690 3293 1773 3348 abba·

142 3378 192 3416 usn
204 3309 288 3416 {uisse
301 3376 334 3416 eo
355 3369 475 3431 tempore
502 3377 555 3430 qua
574 3359 642 3415 liber
660 3360 713 3414 iste
731 3361 848 3428 scriptus
875 3368 926 3416 est.
980 3365 1038 3411 tum
1046 3359 1138 3416 Sancti
1161 3359 1297 3416 iliehaelis
1319 3362 1351 3416 de
1373 3361 1461 3416 llonte
1485 3362 1598 3424 Turnba,
1615 3367 1674 3415 haec
1687 3362 1725 3415 ait
1740 3363 1773 3418 de

142 3428 268 3483 Continet
278 3438 368 3483 autem
382 3429 409 3483 ia
424 3431 579 3484 uniuersum
593 3429 644 3482 587
655 3428 785 3498 Capitula.
980 3426 1099 3483 lieberto
1122 3447 1129 3482 z
1156 3427 1265 3484 Ccatam
1286 3431 1462 3500 quadruplata
1489 3431 1622 3485 uolumina
1644 3432 1772 3498 edidisse,

178 3497 295 3571 taxat,
312 3497 370 3554 Una
383 3499 488 3580 collegii
501 3498 557 3554 sire
571 3499 730 3552 Parisicnsis
741 3498 928 3553 claromonta-
980 3505 1056 3567 utque
1075 3500 1155 3553 turris
1168 3499 1215 3553 aab
1241 3500 1324 3553 recinis
1338 3510 1361 3554 ει
1381 3501 1504 3570 impluvia
1519 3502 1708 3570 computruisse
1732 3518 1770 3556 rc·

142 3567 197 3620 tani
211 3567 349 3623 societatis
361 3567 425 3623 lesu
437 3567 600 3624 bibliotheca
617 3567 708 3636 plures
719 3568 797 3622 nabis
822 3568 929 3624 eodioes
979 3565 1030 3688 {ert
1041 3568 1153 3622 historic
1169 3568 1261 3624 Sancti
1282 3568 1419 3623 Michaelis
1433 3569 1534 3623 euluma
1550 3581 1670 3624 exarato.
1685 3571 1772 3638 Quem

140 3635 267 3705 antiquos
280 3637 504 3700 subministravit,
529 3652 609 3709 opera
623 3637 774 3707 praesertim
794 3645 821 3692 et
839 3639 928 3693 studio
989 3650 1067 3691 acum
1084 3652 1163 3693 nemo
1184 3654 1237 3694 raon
1249 3639 1322 3693 ridet
1346 3639 1545 3709 intelligendum
1559 3653 1619 3694 esse
1646 3639 1680 3695 de
1694 3641 1772 3696 libris

141 3705 191 3759 riri
201 3704 282 3760 elaris
298 3706 342 3760 imi
355 3707 566 3777 lienatiliapini,
581 3707 744 3776 absquequa
757 3705 928 3763 lortassisis·
978 3720 1047 3775 quas
1068 3706 1202 3763 dabertus
1225 3709 1369 3764 transcribi
1389 3708 1480 3778 jussit,
1501 3719 1528 3765 et
1553 3711 1580 3764 ia
1606 3708 1771 3765 bibliotheca

142 3782 168 3828 ta
179 3722 372 3846 Capitolinum
380 3776 503 3832 collectio
516 3776 609 3832 luisset
618 3776 788 3844 imperleeta;
803 3776 927 3833 biaenim
979 3777 1136 3832 manasterii
1147 3777 1189 3832 sui
1203 3778 1307 3848 reponi.
1768 3845 1771 3852 Ι

48 3865 57 3874 ’
140 3842 229 3900 clicuit
242 3853 272 3900 ut
286 3845 448 3903 bibliotheca
461 3847 565 3928 collegii
583 3846 764 3927 manuscripta
779 3854 834 3901 tata
858 3848 928 3903 inte-
1014 3843 1154 3903 txxttll.
1168 3847 1271 3902 Praeter
1281 3855 1403 3903 uetustas
1417 3849 1524 3905 codices
1549 3848 1681 3904 hacanos
1693 3866 1770 3906 cam-

138 3928 186 3983 gra
205 3914 270 3968 mihi
283 3923 398 3984 pateret,
411 3917 447 3971 ita
461 3925 491 3971 ut
500 3926 582 3972 ettam
594 3932 610 3972 a
624 3916 837 3972 clarissimarira
847 3914 929 3973 ioan·
978 3925 1150 3982 memoratas,
1166 3917 1207 3972 usi
1220 3918 1302 3972 etiam
1317 3933 1410 3973 sumus
1425 3919 1511 3973 tribus
1525 3919 1663 3974 codicibus
1688 3920 1769 3975 Psia-

139 3998 173 4038 ae
198 3982 346 4052 Garnerio‚
367 3987 411 4041 eui
434 3986 687 4043 bibliothecarum
709 3986 853 4041 earnmissa
874 3994 925 4052 est,
978 3986 1224 4043 tinisbibliotheee
1236 3984 1383 4052 Vaticana,
1396 4003 1511 4058 quarum
1525 3990 1770 4045 rar-ianteslectia-

141 4053 211 4108 iacta
224 4055 289 4109 mihi
313 4064 433 4126 patestas
441 4057 477 4111 sit
491 4056 642 4112 excutiendi
654 4056 767 4111 schedas
780 4055 925 4123 Sirmaadi,
977 4070 1026 4111 nes
1038 4057 1070 4111 ad
1080 4071 1130 4111 aas
1144 4057 1234 4112 missae
1246 4066 1309 4112 sunt
1323 4057 1357 4112 ab
1366 4060 1432 4113 urbe
1443 4055 1536 4113 Rama.
1554 4058 1606 4114 Sed
1622 4069 1769 4130 antequam

138 4124 363 4195 exscribendique
384 4127 513 4196 quidquid
531 4127 636 4183 vellem.
665 4126 732 4181 lliac
754 4141 817 4196 erga
845 4126 927 4182 habui
977 4126 1160 4181 narrationem
1174 4141 1267 4184 corum
1278 4128 1419 4208 aggrediar
1438 4143 1497 4196 (puae
1510 4129 1537 4183 in
1557 4129 1634 4183 bhrrs
1655 4129 1709 4185 dlrs
1730 4148 1769 4185 m·

139 4199 194 4246 tres
212 4196 361 4263 praesertim
375 4196 577 4266 antiquissimas
589 4196 696 4253 codices
717 4195 923 4265 capitularium.
977 4196 1130 4261 veniuntur,
1153 4211 1241 4266 operae
1254 4205 1422 4266 pratrumest
1441 4198 1485 4252 bie
1508 4199 1637 4253 adnatare
1649 4216 1768 4268 quartam

139 4261 255 4328 Primus,
268 4264 313 4331 qui
332 4264 383 4319 luit
395 4265 487 4321 iacobi
508 4265 653 4330 Sirmandi,
674 4267 794 4320 continet
819 4266 926 4334 priores
977 4266 1056 4321 moda
1081 4264 1181 4321 lactum
1194 4266 1230 4321 sit
1253 4275 1281 4320 ut
1294 4281 1388 4321 earum
1409 4268 1514 4336 capiam
1535 4268 1672 4323 haberent.
1697 4269 1768 4327 Cum

138 4339 254 4400 quatuor
266 4333 349 4388 libras
362 4343 389 4389 et
398 4336 466 4390 duas
477 4337 580 4405 priores
588 4335 747 4406 appendices
757 4335 924 4404 libriquarti,
975 4349 1025 4404 ega
1037 4335 1284 4392 animadvertissem
1298 4336 1384 4391 tumn
1407 4337 1586 4392 clear-istruna
1612 4338 1767 4409 Philippum

139 4407 195 4454 tum
221 4403 303 4456 etiam
318 4414 433 4471 quatuor
457 4407 618 4461 additiones.
639 4404 788 4469 mundus,
805 4405 850 4474 qui
874 4403 925 4459 luit
977 4404 1122 4472 Labheum,
1143 4406 1170 4459 in
1190 4414 1263 4462 tama
1289 4407 1403 4475 septima
1428 4416 1570 4476 postremae
1589 4409 1767 4465 conciliarum

138 4473 294 4551 ruarrasterii
310 4471 402 4528 Sancti
426 4475 540 4544 beririgii
557 4475 726 4538 lihamensis,
741 4483 769 4528 et
783 4489 816 4529 eu
828 4473 925 4529 biblia·
939 4453 965 4516 D
977 4472 1112 4554 editionis,
1125 4490 1187 4546 pag.
1201 4475 1269 4529 titt
1280 4484 1308 4530 et
1322 4476 1401 4541 llilll,
1424 4477 1523 4532 relerre
1536 4478 1669 4532 inanitum
1684 4495 1715 4534 se
1732 4481 1767 4535 ab

137 4540 215 4593 theca
229 4540 332 4596 Tiliaaa
349 4544 494 4598 translatus
508 4546 586 4599 estin
599 4543 849 4607 claromontanam,
862 4559 927 4599 con·
977 4543 1115 4600 lialstenta
1141 4545 1224 4600 fuisse
1238 4554 1345 4600 exstare
1371 4546 1398 4599 in
1413 4548 1496 4602 reteri
1520 4547 1618 4602 Codice
1642 4548 1766 4604 Palatina

137 4608 203 4663 tinet
233 4617 337 4664 tantum
350 4614 453 4681 priores
472 4613 555 4669 libras
575 4623 692 4684 quatuor
712 4621 740 4668 et
762 4613 829 4667 duas
850 4613 926 4682 pria·
975 4612 1144 4669 bibliothecae
1167 4615 1302 4670 Vaticana
1313 4614 1434 4685 Capitula
1449 4618 1538 4687 aliqua
1557 4617 1645 4672 Caroli
1662 4618 1764 4688 ilagni,

137 4693 181 4732 res
203 4681 371 4760 appendices.
395 4682 511 4749 Tertius,
536 4685 581 4754 qui
607 4683 656 4737 luit
679 4682 765 4737 sancti
791 4683 926 4738 vincentii
973 4683 1072 4751 partim
1087 4684 1167 4747 edita,
1180 4685 1279 4754 partim
1292 4686 1500 4747 nandnmedita,
1515 4687 1611 4756 scripsi
1627 4703 1656 4740 ιιι
1670 4688 1762 4743 hatan-

137 4747 273 4814 blctensrs.
290 4765 343 4819 qua
353 4767 416 4806 usas
427 4768 532 4822 quiaque
547 4755 665 4809 Pithoeos
676 4752 774 4807 iratres
787 4761 815 4805 et
829 4752 925 4822 bigno-
974 4753 1022 4806 das
1034 4750 1159 4808 Octobris
1173 4755 1235 4807 anni
1250 4754 1318 4809 tati
1332 4756 1365 4809 ad
1374 4757 1615 4811 eminentissimum
1636 4757 1764 4812 cardina-

136 4818 490 4890 niumhabeocompertum,
510 4824 617 4878 easdem
636 4823 740 4892 priores
761 4830 878 4891 quatuor
890 4821 924 4874 li·
974 4821 1026 4875 lem
1041 4821 1169 4878 ioannem
1182 4823 1292 4889 Βοιιειιι,
1306 4840 1402 4894 rogans
1414 4842 1474 4880 aum
1490 4827 1527 4880 uti
1549 4841 1582 4879 es
1604 4827 1697 4881 codiee
1719 4828 1764 4882 iba

136 4888 200 4943 bras
219 4895 323 4942 tantum
344 4890 423 4945 habet
445 4907 505 4946 cum
519 4893 620 4947 eisdem
647 4892 749 4947 duabus
772 4891 924 4960 appendici·
972 4889 1088 4946 describi
1102 4893 1129 4945 in
1152 4894 1203 4947 mei
1228 4896 1343 4963 gratiam
1370 4895 1471 4950 iaceret
1495 4895 1617 4965 Capiuda
1643 4899 1763 4952 nonium

136 4957 196 5011 bns.
210 4956 264 5012 Sed
278 4966 367 5013 tamea
379 4960 448 5014 idem
462 4971 590 5029 preterea
603 4962 693 5022 habet,
705 4976 764 5029 quae
776 4963 809 5015 ad
820 4970 923 5029 septem
971 4960 1054 5024 edita,
1065 4962 1198 5016 editarum
1212 4979 1276 5018 vera
1289 4965 1378 5019 uarias
1395 4965 1524 5020 lectiones
1546 4966 1671 5019 annotari
1682 4965 1760 5033 jube-

136 5025 219 5081 libras
238 5028 429 5096 Capitularium
445 5046 497 5101 nan
511 5032 656 5099 pertineat,
672 5029 794 5098 Capitula
817 5030 921 5099 Pippini
972 5039 1023 5093 ret,
1039 5038 1178 5100 totumque
1188 5033 1252 5086 illud
1265 5035 1299 5088 ad
1310 5049 1352 5088 ma
1366 5037 1563 5104 qtramprimum
1578 5035 1661 5089 mitti.
1675 5036 1760 5090 Litte-

135 5097 265 5166 principis
281 5106 308 5152 et
321 5100 401 5168 regis,
426 5100 645 5170 CapitulaCarali
659 5100 755 5168 Magni,
771 5100 842 5154 inter
861 5116 922 5170 quae
972 5115 1009 5153 ree
1024 5115 1091 5154 meae
1104 5101 1191 5156 rtrum
1201 5103 1333 5170 optimum
1347 5105 1508 5159 inuenerunt
1520 5105 1546 5158 in
1562 5105 1632 5158 lecta
1651 5105 1760 5159 ditruta-

137 5165 203 5220 benc
239 5169 324 5222 multa
349 5178 413 5224 strat
456 5185 515 5239 aaa
547 5170 665 5226 nandum
696 5169 768 5223 edita
794 5169 919 5236 sacrarit,
970 5169 1077 5224 beatem
1091 5185 1124 5224 ex
1134 5173 1227 5228 morbo
1238 5173 1283 5240 qui
1296 5175 1373 5227 uobis
1386 5173 1458 5228 illam
1477 5175 1597 5229 abstulit.
1613 5175 1646 5228 Et
1658 5183 1761 5239 tainica,

135 5229 255 5304 (lapitula
268 5239 370 5309 aliqrrot
393 5238 519 5295 Ludavici
534 5240 574 5294 Pii
587 5248 614 5294 et
636 5239 724 5294 Caroli
739 5239 823 5297 Calai.
847 5239 921 5309 leges
970 5254 1122 5309 arranquam
1135 5250 1193 5295 erat
1207 5256 1351 5309 oppressus
1367 5245 1450 5297 totins
1475 5245 1597 5313 carparis
1611 5244 1760 5311 dalarilms,

136 5304 337 5374 liipuarioram,
362 5308 569 5374 Alamanarum,
596 5317 624 5363 et
651 5308 861 5377 banneriorum,
892 5317 920 5363 ct
970 5310 1060 5363 statim
1075 5310 1149 5363 misit
1161 5312 1188 5364 ia
1201 5312 1389 5365 bibliothecam
1410 5313 1583 5378 Vaticanum
1599 5322 1626 5367 et
1637 5327 1758 5382 caniper-

134 5373 231 5455 Legem
246 5376 373 5433 Salicum.
388 5380 488 5434 llicest
501 5379 691 5435 celeberrimus
703 5377 793 5433 Codex
808 5377 919 5445 Capitu—
970 5386 997 5431 ta
1011 5378 1065 5432 illic
1077 5388 1184 5434 exstare
1193 5380 1246 5433 tria
1257 5389 1361 5435 vetusta
1376 5381 1569 5452 Capitularium
1584 5383 1759 5451 excarplaria,

135 5442 230 5497 larium
243 5444 330 5501 Caroli
346 5448 442 5518 ilagni,
457 5451 503 5519 arri
517 5465 585 5503 unas
598 5449 729 5510 amnium,
748 5456 777 5499 ut
796 5447 919 5501 Sirenae·
969 5445 1064 5500 relerri
1079 5449 1113 5501 ad
1122 5462 1164 5500 me
1171 5447 1253 5516 jussit
1263 5464 1301 5514 se,
1315 5451 1406 5504 statim
1421 5461 1502 5522 atquae
1516 5454 1660 5506 sanitatem
1681 5467 1759 5508 suam

66 5520 72 5529 '
135 5513 184 5564 dtts
198 5513 236 5566 ait
255 5514 340 5584 (Tam.
362 5516 393 5571 ll
409 5519 509 5572 Concil.
531 5518 620 5583 cult,
641 5536 670 5588 p.
684 5516 758 5584 att),
772 5517 849 5585 plura
869 5531 919 5570 aaa
969 5525 1168 5584 recuperasset,
1192 5518 1316 5573 lubenter
1337 5522 1403 5577 mihi
1425 5538 1500 5576 suam
1523 5523 1550 5575 in
1574 5523 1626 5577 hac
1648 5536 1758 5591 ruperam

135 5579 199 5633 teris
209 5581 298 5661 'Caroli
317 5587 432 5656 Augttsti
446 5588 609 5658 capitularia
619 5587 749 5650 continet,
771 5586 918 5654 cademque
967 5587 1211 5640 carnnrmlatnrum.
1228 5588 1280 5643 Sed
1303 5590 1368 5644 beu!
1390 5592 1432 5645 vir
1446 5593 1564 5660 optimus
1590 5591 1670 5661 paula
1696 5601 1757 5678 past

132 5662 182 5729 per
194 5652 312 5720 singulas
335 5655 438 5723 imperii
457 5657 515 5725 ejus
539 5673 624 5724 anuas
637 5658 740 5727 digesta
763 5655 820 5709 suis
835 5655 916 5709 ethim
968 5657 1092 5718 decessit,
1107 5671 1122 5708 v
1135 5656 1268 5712 Kalendas
1284 5659 1440 5714 Novembris
1454 5662 1573 5729 ejusdem
1599 5661 1672 5716 arrrri.
1689 5664 1756 5716 bum

134 5723 199 5777 tacis
215 5721 347 5794 assignem
362 5725 412 5781 nisi
435 5728 508 5799 quod
521 5728 573 5786 loci
586 5741 685 5783 nomen
707 5726 735 5780 in
757 5724 915 5796 quibusdam
966 5726 1755 5802 autemhieLutetiapercrebuissetnuntiusdemarteejue
