3826 6112
211 317 261 374 tel

209 441 298 505 genu.
309 430 375 486 liam
389 431 411 485 si
426 430 481 484 auis
495 427 575 482 luerit
588 427 668 482 robus
680 430 841 496 expoliatus,
854 439 874 545 Ἃ

207 505 252 564 sit,
262 510 307 555 aut
318 500 388 570 quod
399 500 514 553 alienum
525 499 560 550 ab
571 487 693 553 omuibus
705 512 764 553 esse
772 494 849 549 debet
876 494 991 560 delibus,

208 587 223 626 a
235 570 299 625 sede
311 569 417 638 propria
429 567 540 630 eiectus,
548 575 593 618 aot
607 567 633 620 in
645 567 798 622 detentione
809 563 895 633 aliqua
911 577 925 616 a
938 565 994 618 suis

209 640 304 694 ovibus
318 639 593 704 ltteritsequestratus
607 651 615 688 s
631 644 694 690 tuuc
704 636 833 691 canonice
843 640 992 700 autequam

209 709 237 764 in
253 707 391 774 pristinum
406 706 563 760 restituatur
573 705 701 759 bonorem
716 713 743 759 et
756 703 913 766 suaomnia,
924 716 993 770 quae

208 778 242 832 ab
256 775 357 829 insidiis
371 774 539 828 inimicorum
553 787 663 827 suorum
678 773 703 828 ei
717 774 805 827 ablata
823 771 933 837 luerint,
949 785 992 824 re·

209 847 406 911 dintegrentur,
419 858 468 897 nec
482 843 623 897 conuocari
637 859 686 897 nec
700 839 812 896 iudicari
828 839 993 908 poterit,nisi

208 916 267 984 ipse
282 928 330 983 pro
345 929 392 967 sun
420 911 588 976 necessitate,
603 912 712 966 minime
735 921 824 964 tamen
848 909 992 974 iudicandi,

209 983 338 1038 advenire
356 990 453 1051 sponte
468 982 588 1048 elegerit.
611 982 665 1036 Nec
685 980 795 1035 omniuo
819 994 834 1033 a
857 992 993 1048 quoquam

208 1052 374 1120 respondere
388 1058 505 1118 rogetur,
530 1058 673 1118 antequam
698 1050 868 1117 integerrime
891 1046 993 1110 onmia,

209 1135 280 1189 quae
308 1136 356 1190 per
391 1120 575 1184 suggestiones
596 1120 765 1173 inimicorum
792 1132 901 1172 suorum
925 1117 993 1169 anti-

208 1201 302 1257 serat,
326 1191 454 1259 potestati
479 1189 537 1243 eius
565 1190 598 1243 ab
621 1188 773 1242 honorabili
802 1187 917 1241 concilio
946 1200 995 1238 re·

209 1260 407 1330 diutegrentttr‚
432 1268 459 1312 et
473 1258 579 1324 praesul
595 1267 623 1310 ut
647 1259 653 1287 ¹
676 1259 749 1326 prius
773 1256 854 1310 statul
882 1254 994 1322 pristino

208 1329 347 1383 reddatur.
364 1327 397 1380 Et
417 1328 473 1397 ipse
487 1326 622 1397 dispositis
648 1326 830 1391 ordinatisque
857 1323 941 1377 libere
963 1336 995 1376 ac

207 1412 303 1452 secttre
313 1399 377 1461 suis,
391 1407 453 1450 tunc
465 1397 593 1452 canonice
604 1403 768 1451 convocatus
781 1396 813 1447 ad
829 1402 933 1462 tempus
958 1394 994 1445 si·

208 1467 280 1521 nodo
291 1469 317 1521 in
338 1468 455 1534 legitima
472 1475 499 1520 et
509 1466 639 1521 canonica
652 1466 741 1520 veniat
751 1463 784 1518 ad
797 1477 916 1519 causant.
931 1459 994 1515 Etsi

138 1589 139 1592 ,
207 1536 244 1590 ita
256 1538 322 1591 iuste
335 1537 444 1590 videtur.
455 1538 636 1589 accusantium
647 1533 874 1605 propositionibus
885 1546 996 1600 respuo*

209 1605 289 1670 deat;
319 1622 379 1658 tttttn
405 1606 456 1659 boc
477 1620 647 1674 summopere
673 1601 867 1673 providendum
895 1609 946 1664 est,
963 1614 996 1653 ne

209 1684 355 1744 autequam
371 1678 460 1727 uutttia
474 1673 531 1727 true
544 1672 609 1727 dant
626 1681 735 1728 coaetus
750 1673 922 1742 respondeat,
934 1670 996 1738 quia

208 1745 345 1798 cotttentio
357 1759 463 1810 semper
475 1745 581 1797 vitanda
591 1753 641 1798 est.
650 1742 859 1809 ndituiuatuque
867 1739 995 1809 episcopo

207 1815 411 1882 episcopatum,
435 1821 578 1880 autequam
608 1827 705 1866 causae
730 1811 786 1864 cius
811 1810 898 1862 exitus
915 1823 997 1876 appa·

207 1892 276 1945 reat,
293 1883 357 1935 nulli
385 1883 531 1936 cloistiauo
560 1881 643 1935 videri
664 1882 721 1935 inre
743 1886 842 1949 potest.
871 1879 947 1943 Quod
975 1879 997 1929 si

209 1962 355 2019 aegrotans
374 1952 453 2006 luerit
475 1953 616 2019 episcopus
643 1961 689 2004 aut
715 1950 802 2018 aliqua
829 1963 888 2004 eun
911 1945 999 2014 garis

207 2024 355 2077 necessitas
368 2020 524 2085 detinuerit,
554 2035 602 2090 prro
616 2034 646 2073 se
668 2020 786 2087 legatum
808 2019 841 2071 ad
864 2017 997 2087 synodum

209 2096 299 2146 mittat
324 2091 378 2145 Nec
393 2107 406 2143 a
421 2092 610 2144 communione
629 2090 806 2156 stupentlatut·
829 2087 871 2141 cui
898 2083 998 2139 ct'itnen

209 2159 355 2214 intenditur
370 2162 391 2227 ¹,
418 2160 468 2214 nisi
487 2162 520 2214 ad
535 2175 642 2213 catsant
657 2175 704 2213 sua
717 2180 730 2210 o
746 2159 887 2211 dicendam
898 2157 998 2209 electu·

208 2244 268 2282 rotn
283 2231 399 2284 indicunt
412 2229 456 2283 die
466 2239 564 2284 statuta
580 2229 663 2283 literis
678 2237 806 2283 euocatus
823 2227 932 2280 minime
953 2239 1000 2279 oc·

211 2301 344 2365 curret-iu
360 2301 412 2354 boc
423 2309 464 2353 est
474 2300 524 2354 nisi
536 2301 588 2352 alia
602 2297 840 2367 praeoccupaverit
853 2294 1000 2351 necessitas

209 2367 278 2420 infra
293 2369 409 2437 spatium
423 2369 536 2423 duorum
553 2370 593 2421 vel
610 2371 688 2421 trinnt
705 2369 837 2421 utensituu
851 2376 879 2420 et
892 2384 924 2419 eo
940 2381 998 2418 attr-

210 2437 291 2505 plius,
308 2447 387 2506 prout
401 2453 481 2492 cansa
501 2438 653 2492 dictaverit.
681 2437 758 2509 Quod
783 2438 804 2490 si
829 2451 861 2489 en
888 2444 1001 2501 utraque

210 2516 287 2576 parte
298 2508 330 2560 ad
337 2522 447 2560 causam
458 2507 599 2560 dicendam
609 2509 740 2567 verrerint,
749 2506 811 2573 quia
824 2504 999 2570 unusabsque

210 2574 297 2629 altero
311 2577 396 2630 audiri
411 2591 463 2630 non
479 2576 568 2636 debet,
584 2578 769 2644 quaerendum
783 2583 826 2629 est
840 2577 867 2627 in
888 2574 997 2634 indicio,

210 2643 287 2700 cuius
301 2645 356 2699 sint
373 2646 588 2700 conversationis
602 2654 630 2698 et
653 2645 713 2699 lidei
733 2655 815 2724 atque
840 2642 1000 2711 suspicionis

211 2723 395 2780 accusatores,
410 2724 457 2768 aut
469 2730 522 2783 qua
538 2716 687 2769 intentione
702 2716 753 2768 boc
766 2715 866 2767 iaciant
876 2730 884 2778 ;
896 2711 957 2779 quia
967 2709 1001 2762 ad

212 2783 264 2838 lroc
278 2784 383 2838 admitti
398 2801 451 2839 non
467 2784 626 2838 debentnisi
641 2785 729 2838 bonae
744 2780 958 2838 conversationis
973 2789 1001 2834 et

212 2862 303 2906 rectae
319 2853 380 2907 littei
393 2854 455 2917 viri,
470 2854 551 2921 etqui
571 2855 644 2908 otuni
665 2854 818 2923 susptczoue
839 2858 950 2907 careant
973 2859 1001 2902 et

212 2920 282 2976 bom
295 2927 347 2976 rita
360 2924 478 2978 clareant
493 2938 582 2992 neque
597 2922 709 2976 iulatues
728 2923 852 2978 esistunt.
878 2922 955 2984 Quod
977 2918 1001 2972 si

213 3003 399 3047 accusatorum
414 3009 546 3062 personae
561 2993 587 3046 itt
604 2993 701 3048 iudicio
723 2994 910 3061 episcoporum
941 2989 1000 3041 eul-

660 312 692 366 u.
711 309 837 365 0thssss
856 308 963 363 baub't
981 307 1055 362 bl‘l‘.
1077 306 1164 361 unus
1185 306 1203 358 l.
1224 304 1354 364 suelli).
1374 304 1393 358 Ι.

1783 306 1832 361 852

874 425 926 479 nod
941 426 990 479 ab·
1005 431 1029 487 A
1042 428 1193 497 praesentia
1207 425 1366 480 elericorum
1377 442 1498 491 snorum,
1512 430 1575 497 quia
1594 429 1668 482 irrita
1693 431 1748 484 erit
1771 446 1833 485 sen·

1043 498 1126 552 tentia
1148 495 1279 565 episcopi,
1292 495 1343 550 nisi
1367 497 1520 566 praesentia
1543 498 1705 553 clericorum
1735 500 1836 556 cottflr·

1043 579 1140 620 uretur.

1077 635 1122 688 il.
1135 633 1296 688 Derimttntlc
1306 635 1463 688 accusatoris
1470 651 1591 700 persona.
1600 633 1644 690 Ea
1654 636 1835 692 meretoststt

1042 721 1134 774 papae,
1151 705 1263 772 capitulo
1276 703 1303 758 8.
1318 704 1432 771 Placuit,
1447 714 1478 758 ut
1496 720 1603 772 semper
1622 707 1712 773 printo
1736 707 1762 759 in
1787 722 1832 762 ac·

1043 776 1181 829 cusatione
1193 774 1350 828 clericorum
1361 788 1475 840 persona
1489 775 1511 839 ⁰,
1526 775 1605 837 tides,
1621 776 1798 830 conversatio
1808 787 1835 829 et

1042 845 1096 897 vita
1112 841 1351 910 blasphemantium
1366 852 1566 911 perscrutetur,·
1581 859 1642 897 uam
1657 842 1726 898 tides
1739 859 1834 897 onmes

1043 923 1120 967 actus
1134 912 1250 965 bominis
1262 910 1523 981 debetpraccedcre,
1535 914 1595 982 quia
1613 914 1714 967 dubius
1735 915 1763 966 in
1785 914 1835 968 lide

1043 981 1158 1035 inlidelis
1171 990 1230 1034 est:
1248 983 1302 1035 llec
1313 983 1353 1036 eis
1363 981 1473 1034 omuino
1487 997 1547 1036 csse
1564 983 1586 1013 ¹⁰
1596 983 1778 1044 credendum,
1791 984 1835 1051 qni

1044 1051 1164 1105 veritatis
1184 1050 1262 1104 bitem
1283 1050 1407 1117 ignorant
1431 1065 1480 1104 nec
1503 1060 1594 1106 rectae
1617 1052 1837 1106 conversationis

1043 1121 1126 1175 vitam
1141 1118 1255 1179 ducunt:
1270 1121 1332 1187 quia
1348 1120 1416 1174 tales
1430 1120 1508 1174 lacile
1523 1130 1549 1174 et
1563 1121 1753 1175 indifferenter
1767 1121 1835 1174 iace·

1044 1198 1105 1242 rant
1120 1190 1140 1219 ¹¹
1154 1199 1181 1241 et
1202 1189 1380 1242 criminantur
1406 1197 1481 1243 recte
1503 1197 1531 1244 et
1554 1191 1597 1258 pie
1624 1191 1673 1245 viv·
1685 1198 1760 1245 ntes.
1775 1188 1837 1244 ltleo

1044 1257 1160 1378 suspiicin
1175 1258 1195 1288 ¹¹
1216 1272 1308 1312 eorum
1329 1258 1495 1313 discutienda
1518 1267 1559 1314 est
1580 1258 1668 1328 primo
1696 1267 1726 1314 et
1751 1258 1836 1314 eorti-

1044 1340 1140 1394 genta.

1080 1395 1124 1448 22.
1143 1395 1180 1448 Dtt
1194 1397 1308 1462 personis
1322 1405 1346 1449 et
1360 1398 1553 1451 accusationum
1565 1397 1675 1468 querelis
1697 1413 1752 1450 nott
1774 1397 1837 1451 teci-

1044 1466 1155 1535 piendis.
1172 1464 1299 1518 Easesttt
1312 1465 1401 1519 sittodo
1424 1466 1541 1519 Romano
1568 1468 1681 1536 capitula
1710 1466 1760 1532 ll;
1782 1482 1837 1520 cum

1045 1551 1095 1604 qua
1110 1546 1134 1588 et
1149 1534 1249 1588 Nicenn
1261 1535 1368 1588 sittcdtts
1384 1535 1405 1565 ¹⁸
1420 1543 1443 1587 et
1460 1535 1560 1588 decretu
1576 1535 1638 1590 lalii
1656 1546 1682 1589 et
1697 1538 1837 1591 simmacus

1046 1621 1130 1674 papae
1142 1614 1166 1657 ct
1178 1604 1231 1657 ulia
1244 1605 1361 1658 sinodica
1373 1604 1539 1658 concordant.
1556 1609 1739 1660 Accusatores
1752 1615 1780 1659 et
1792 1621 1836 1659 ac-

1046 1675 1199 1728 cusationes
1211 1689 1278 1742 quas
1290 1673 1372 1729 seculi
1389 1674 1491 1741 legesn
1511 1689 1528 1728 u
1550 1675 1717 1740 adsciscunt,
1738 1683 1767 1729 et
1790 1690 1836 1730 nos

1015 1768 1034 1824 B
1047 1744 1245 1796 submovemus.

1082 1810 1126 1866 93.
1146 1811 1179 1866 Ut
1193 1813 1278 1867 ootlos
1292 1813 1424 1883 episcopus
1439 1813 1543 1866 alterius
1555 1812 1760 1877 porrocltittnnnt
1780 1814 1838 1867 reti·

1047 1897 1119 1948 nere,
1133 1883 1254 1936 ordinare
1267 1894 1311 1936 aut
1323 1881 1437 1936 indicare
1450 1892 1608 1952 praesumat.
1620 1882 1664 1935 Ea
1678 1884 1781 1937 derintn
1798 1885 1836 1936 si·
1860 1881 1865 1884 ’

1048 1950 1371 2021 nodollontanncnpitnlo
1386 1951 1418 2017 l,
1445 1968 1502 2005 cttm
1523 1968 1572 2020 qttn
1594 1960 1620 2006 el
1649 1950 1672 1982 ¹⁸
1698 1954 1838 2006 cottcordat

1049 2022 1215 2074 antiocenum
1230 2022 1402 2075 conciliamini
1424 2020 1444 2052 ¹⁸
1459 2022 1574 2087 capitulo
1599 2021 1646 2076 ἢ.
1670 2022 1769 2076 ΝιιΙΙιιε
1784 2022 1836 2091 epi·

1048 2105 1146 2160 scnpus
1172 2091 1281 2144 alterius
1307 2092 1512 2160 parrochianum
1537 2100 1693 2159 praesumat
1721 2092 1841 2146 retinere

1049 2172 1096 2214 aut
1114 2159 1238 2214 ordinare
1254 2163 1355 2228 abactae
1378 2161 1435 2215 cios
1461 2160 1597 2214 vuluntate
1626 2161 1668 2214 vel
1699 2161 1839 2226 indicare,

1049 2229 1111 2299 quia
1122 2229 1190 2283 sicut
1204 2230 1277 2284 irrita
1291 2230 1343 2284 etit
1356 2232 1413 2284 eius
1426 2230 1567 2290 ordinatis,
1579 2230 1615 2283 ita
1627 2239 1655 2284 et
1665 2231 1840 2290 diiudicatio:

1049 2300 1176 2367 quoniam
1191 2314 1329 2354 censemus
1345 2299 1447 2354 nullum
1461 2299 1571 2354 alterius
1597 2300 1698 2354 iudicis
1724 2301 1775 2353 nisi
1800 2300 1840 2353 stti

1049 2371 1182 2423 sentientia
1198 2368 1374 2424 tensendum
1393 2369 1510 2437 quicum
1530 2370 1659 2425 ordinare
1670 2384 1728 2423 non
1746 2369 1840 2441 potuit,

1049 2452 1099 2492 nec
1115 2438 1232 2492 iudicare
1246 2439 1379 2493 ullatenus
1391 2442 1499 2507 poterit.

1083 2506 1129 2561 ul.
1142 2506 1180 2559 lle
1189 2510 1300 2578 primatu
1316 2508 1337 2539 ¹³
1351 2511 1419 2563 sedis
1430 2508 1596 2578 apostolicae,
1606 2507 1649 2562 cui
1663 2510 1841 2579 episcoporum

1048 2578 1148 2648 finitiva
1162 2578 1259 2631 iudicis
1272 2588 1297 2630 et
1315 2577 1554 2648 congreqandarttm
1570 2580 1725 2632 laudarunt
1741 2578 1842 2646 prmt'le·

1068 2649 1093 2700 itt
1108 2655 1166 2699 sant
1181 2655 1319 2701 reseruata.
1336 2646 1369 2699 Et
1385 2647 1416 2699 de
1429 2646 1554 2700 canonica
1565 2647 1681 2715 episcopi
1696 2649 1842 2703 aocntiotte.

1049 2665 1093 2770 {ia
1107 2716 1206 2771 sittodt‘s
1221 2715 1346 2771 Romanis
1369 2716 1481 2786 capitulo
1504 2715 1549 2776 ll).
1563 2726 1588 2770 et
1605 2732 1639 2770 aa
1653 2716 1769 2770 decretis
1782 2715 1842 2769 lslii

1049 2801 1143 2868 papae.
1159 2786 1252 2840 Nullus
1276 2786 1433 2856 episcopus,
1450 2785 1499 2839 nisi
1521 2787 1653 2840 canonice
1675 2794 1792 2841 vocatus
1816 2794 1842 2839 et

1050 2871 1078 2910 tu
1092 2855 1210 2924 legitima
1221 2856 1316 2909 sinodo
1326 2870 1375 2910 suo
1389 2866 1509 2923 tempore
1520 2855 1671 2924 apostolica
1680 2856 1841 2911 artctnritate

1050 2933 1211 2987 convocata,
1227 2925 1270 2979 cui
1286 2925 1402 2979 iussione
1414 2923 1518 2978 bomini
1529 2934 1556 2978 ct
1566 2924 1670 2978 meritis
1682 2925 1757 2978 beati
1771 2921 1840 2977 Petri

1051 2993 1168 3062 apostoli
1179 2994 1320 3063 singularis
1332 2992 1580 3062 congregandorum
1602 2994 1782 3048 conciliorum
1798 3004 1841 3046 au*

213 3063 316 3130 labiles
332 3063 342 3094 ³
357 3063 547 3133 apparuerint,
563 3063 597 3116 ad
615 3061 780 3131 arguendum
792 3077 845 3115 nott
857 3059 1001 3113 advrtittatt·
1052 3064 1163 3119 ctoritas
1176 3073 1203 3117 et
1216 3072 1369 3118 sanctorum
1382 3079 1412 3118 ac
1422 3079 1554 3117 canonum
1566 3062 1785 3117 venerandorum
1796 3076 1839 3130 ps·

212 3141 265 3196 tur,
277 3134 325 3185 nisi
341 3137 464 3201 ptroprias
479 3147 584 3198 causas,
601 3148 654 3186 non
670 3142 758 3187 tatnen
782 3130 934 3186 criminales
957 3133 998 3182 vel
1014 3109 1036 3170 C
1054 3140 1125 3188 trunt
1138 3134 1254 3188 decretis
1267 3134 1448 3200 multipliciter
1463 3133 1563 3200 privata
1585 3132 1686 3186 tradita
1709 3139 1752 3187 est
1770 3140 1841 3199 pote-

214 3203 423 3269 ecclesiasticas,
439 3203 598 3257 obiecerint.
614 3204 719 3255 lnt'amis
731 3226 737 3248 .
747 3204 800 3255 nint
814 3215 928 3270 persona
953 3213 1003 3252 nec

213 3283 374 3341 procurator
389 3285 477 3340 potest
491 3288 551 3327 esse
563 3287 614 3326 nec
632 3274 764 3340 cognitor.
796 3272 913 3324 absente
938 3282 1004 3321 vero

213 3340 369 3397 adversario
379 3359 432 3397 non
443 3342 568 3396 audiatur
578 3351 732 3399 accusator:
749 3356 799 3395 nec
813 3338 945 3394 sententia
957 3339 1004 3391 ab·

214 3421 292 3466 settle
304 3422 380 3479 parte
391 3413 469 3466 aliaa
485 3412 573 3466 iudice
587 3411 658 3464 dicta
675 3412 755 3464 ullant
772 3409 904 3465 obtinebit
919 3407 1003 3460 lirtui-

215 3488 315 3546 tatem;
331 3496 419 3551 neque
430 3482 528 3536 absens
543 3496 590 3549 per
598 3481 679 3534 aliurn
692 3495 818 3535 accusare
831 3478 1003 3533 autaecusari

214 3558 314 3672 potest,
326 3566 375 3606 nte
388 3552 477 3604 allittis
492 3551 568 3604 testis
581 3550 697 3603 admitti.
721 3549 862 3604 Neminem
877 3560 943 3614 ergo
954 3561 1004 3600 ex·

236 3619 302 3674 iberi
317 3623 351 3676 de
366 3621 503 3691 prouincia
517 3620 550 3673 ad
562 3620 726 3690 provinciam
742 3619 784 3673 vel
803 3617 837 3672 ad
847 3618 1004 3671 comitatum

215 3698 336 3757 oportet,
349 3691 400 3746 nisi
412 3691 444 3744 sd
456 3689 614 3744 relationem
636 3688 732 3742 iudicis
755 3687 789 3741 ad
815 3701 893 3756 quem
924 3683 1006 3739 fuerit

216 3760 426 3828 appellaturtr,id
437 3769 490 3828 eat,
505 3768 535 3813 ut
547 3768 624 3814 actor
637 3772 746 3827 semper
760 3758 798 3811 rei
808 3757 894 3810 lorutn
905 3771 1004 3823 sequa·

217 3835 272 3882 tur.
286 3828 313 3883 Si
329 3831 389 3899 quis
402 3840 492 3884 autem
508 3829 623 3884 iudicem
642 3829 784 3882 adversum
800 3826 850 3882 sibi
871 3826 1002 3888 senserit,

216 3912 310 3954 vocent
336 3901 523 3970 appellationis
547 3898 778 3967 csltibeat,quaut
806 3896 872 3952 nulli
897 3905 1006 3966 oportet

214 3968 317 4038 negari.
332 3969 365 4024 lit
379 3971 489 4038 reliqua.

252 4038 295 4093 tt.
318 4040 352 4094 Ut
366 4043 496 4095 accusatio
510 4040 663 4095 cleicorttm
681 4041 751 4093 intra
773 4036 931 4106 prouinciam
946 4037 1004 4105 fiat,

215 4110 265 4163 nisi
280 4111 348 4181 [orta
358 4118 493 4165 accusatas
506 4112 628 4164 maiorem
639 4108 714 4179 appel
721 4105 805 4162 'averit
815 4108 1004 4160 auctoritatem.

216 4178 245 4232 Si
260 4180 319 4249 quis
333 4183 448 4236 clericus
459 4195 540 4249 super
550 4183 714 4248 quibuslibet
736 4177 894 4233 criminibus
912 4181 1005 4245 pulsa-

191 4322 193 4326 Α
217 4259 260 4302 tus
274 4249 364 4311 luerit,
376 4251 401 4304 in
417 4251 552 4319 provincia
566 4265 618 4320 qua
627 4249 749 4304 consistit
759 4249 804 4302 ille
818 4248 862 4314 qui
872 4247 1004 4318 pulsatur,

216 4334 278 4372 suas
297 4330 391 4374 exerat
414 4319 546 4385 actiones,
563 4336 612 4374 nec
633 4319 757 4373 aestituet
780 4333 841 4372 eunt
863 4326 1005 4371 accusator

1053 3212 1121 3269 stas,
1143 3217 1225 3274 super
1250 3203 1413 3272 quibuslibet
1436 3202 1590 3256 criminibus
1605 3203 1747 3270 pulsetur,
1760 3201 1785 3255 id
1805 3206 1843 3255 est

1052 3272 1326 3340 iudicetur,audiatur
1335 3272 1378 3327 vel
1391 3273 1544 3338 impetatur.
1555 3271 1603 3326 Sin
1612 3271 1694 3325 aliter
1709 3285 1842 3340 praeseut-

1053 3352 1127 3413 ptum
1141 3355 1157 3394 a
1169 3341 1331 3410 quibuslibet
1342 3341 1432 3406 suerit,
1449 3341 1475 3395 itt
1489 3355 1585 3394 vanum
1601 3340 1758 3395 deducatur
1771 3335 1839 3409 quod

1053 3420 1179 3480 egerunt;
1192 3426 1241 3466 uec
1255 3412 1327 3466 inter
1340 3410 1522 3467 ecclesiastica
1545 3409 1601 3464 ullo
1625 3409 1712 3463 niodo
1737 3417 1841 3479 reputa·

1053 3481 1137 3546 bitur,
1154 3494 1203 3535 nec
1216 3480 1283 3536 ullas
1296 3481 1407 3536 babebit
1417 3481 1486 3535 vires
1496 3479 1624 3550 quicquid
1636 3479 1662 3533 ei
1674 3479 1841 3533 obviaverit:

1054 3552 1182 3619 quoniam
1197 3550 1291 3606 eadem
1306 3550 1383 3605 sedes
1394 3556 1510 3605 testante
1520 3549 1641 3603 veritatis
1651 3562 1722 3603 tuce
1734 3549 1841 3617 primurn

1055 3623 1198 3689 printatttut
1224 3620 1347 3674 obtinuit.
1368 3616 1423 3676 Nec
1449 3620 1534 3688 prima
1553 3619 1701 3681 diceretur,
1713 3619 1738 3672 si
1765 3617 1841 3670 aliurn

1054 3703 1178 3759 superse
1201 3690 1417 3759 babere12quae
1443 3687 1526 3743 etiam
1551 3699 1633 3755 caput
1658 3696 1704 3741 est
1728 3686 1841 3742 omniunt

1055 3757 1242 3826 ecclesiarum,
1254 3774 1268 3812 a
1280 3775 1333 3827 qua
1345 3774 1439 3814 ornnes
1458 3771 1597 3826 sutttpsere
1619 3757 1755 3824 originem
1770 3773 1778 3808 2
1791 3753 1842 3824 pri·

1055 3838 1157 3883 matum
1170 3831 1241 3885 eninr
1254 3845 1306 3883 non
1321 3827 1487 3884 sinodalibus
1501 3835 1547 3879 aut
1560 3825 1697 3894 aliquibus
1713 3838 1843 3881 contaren-

1055 3901 1090 3952 tis
1103 3902 1200 3952 meruit
1211 3899 1349 3961 institutis,
1365 3899 1413 3953 sed
1434 3895 1546 3951 ltontino
1564 3895 1709 3962 largiente,
1721 3895 1768 3963 qni
1790 3893 1842 3947 ait:

1057 3967 1094 4022 Ttt
1108 3985 1134 4023 es
1150 3967 1253 4032 Petras,
1267 3977 1291 4021 el
1303 3984 1380 4037 snper
1396 3969 1464 4021 ltnttc
1479 3976 1576 4034 petrum
1591 3963 1843 4041 temptamento

1055 4039 1123 4092 sium
1141 4056 1240 4102 atreum,
1260 4048 1288 4093 ct
1301 4053 1329 4092 re
1341 4039 1403 4108 iqua
1423 4037 1485 4090 talia
1499 4043 1526 4088 et
1540 4035 1581 4089 bis
1595 4034 1705 4089 similia.
1717 4035 1843 4097 uuiltnsst

1056 4110 1152 4177 aliquis
1168 4109 1284 4177 superbo
1303 4108 1397 4177 spiritu
1418 4107 1568 4162 obviaverit
1592 4103 1840 4174 praeceptionibus.

1055 4193 1110 4231 non
1139 4186 1219 4232 exeat
1250 4178 1408 4249 inpunitus,
1438 4176 1485 4232 sed
1516 4176 1616 4245 gradus
1650 4176 1696 4228 sui
1731 4170 1843 4244 periculo

1055 4248 1216 4304 subiacbtt.

1091 4333 1134 4388 25.
1152 4335 1174 4390 tt
1178 4346 1186 4388 t
1196 4336 1218 4388 si
1233 4337 1289 4406 pais
1303 4333 1529 4405 metropolitanam
1552 4339 1701 4401 suspectant
1723 4327 1842 4389 balaam

216 4391 356 4475 musanbi
377 4389 552 4470 ²⁰².¹⁰¹¹3i¹¹⁸
579 4388 786 4469 P⁶f²f²¹¹¹ef¹f¹¹¹¹l¹
809 4388 841 4463 ”td
865 4385 1002 4441 iudicium·
1057 4408 1126 4476 apud
1134 4401 1571 4471 printatcmttttdt‘ntttr.Escottct'lit
1583 4402 1645 4454 talc
1657 4404 1841 4466 doncnsccttpt·

217 4453 265 4510 lle
278 4458 288 4488 l
303 4473 378 4522 vero,
392 4475 437 4529 qut
449 4459 569 4529 pulsatus
583 4459 674 4527 tuertt,
690 4474 712 4512 st
723 4458 838 4512 tuditem
849 4463 1004 4526 susilfflfflfl
1021 4475 1044 4534 l)
1058 4478 1111 4530 talo
1129 4475 1167 4528 tl.
1185 4474 1213 4528 St
1224 4475 1284 4544 quis
1297 4475 1431 4544 putaverit
1441 4489 1471 4527 se
1485 4489 1500 4526 a
1514 4471 1623 4541 proprio
1639 4468 1843 4535 metropolitano

219 4528 448 4593 trabueritl'tceat
461 4529 608 4598 appellare.
909 4543 915 4554 ·

256 4618 298 4672 l‘d.
317 4618 352 4673 Ut
363 4638 401 4689 pe.
408 4623 498 4691 cgristo
510 4622 606 4674 iudicia
616 4636 668 4672 non
681 4620 757 4689 potat.
783 4616 925 4684 Peregrina
939 4614 1006 4668 itali·

219 4689 261 4744 cia
277 4690 395 4757 gettetali
410 4691 548 4745 sanctione
562 4691 734 4759 probibemus
753 4689 778 4752 ⁵3
795 4689 858 4757 quia
870 4686 1006 4754 indiguum

220 4769 273 4821 est,
291 4767 320 4812 ut
334 4759 369 4812 ab
380 4759 499 4813 externis
513 4759 653 4824 indicetur,
669 4759 713 4826 qui
735 4755 915 4829 provinciales
939 4772 956 4809 a
977 4768 1008 4810 se

221 4829 324 4885 electos
334 4829 415 4883 debet
429 4828 530 4884 babere
545 4829 656 4883 iudices.

256 4921 300 4974 ab.
326 4920 360 4976 Ut
385 4921 471 4976 attilas
484 4921 699 4989 metropolitanos
715 4918 725 4948 ⁶
743 4917 887 4987 aliquorum
900 4916 1008 4987 pontifi·

220 5008 277 5046 cunt
301 5008 454 5064 suorumque
482 4994 631 5046 clericorum
658 5000 702 5042 ttttt
724 4988 890 5042 ecclesiarum
917 5001 1009 5039 suasos

222 5063 313 5116 andito
327 5063 422 5134 aisque
436 5063 550 5116 omniunt
564 5059 808 5119 contr-ouincinlittm
831 5059 1008 5130 episcoporum

220 5136 377 5203 praesentia.
395 5130 437 5186 En
452 5133 542 5187 sinodo
557 5131 674 5185 llutttttnn
687 5131 773 5183 tertia.
795 5128 886 5182 uultus
905 5134 1008 5181 metro·

223 5202 357 5271 politanus
370 5204 512 5272 episcopus
525 5206 626 5270 absque
639 5210 790 5254 ceterorum
805 5199 926 5252 omnium
943 5211 1009 5248 ctut-

223 5275 427 5342 proriocialiutn
444 5275 632 5343 episcoporum
646 5272 771 5324 instmttia
791 5268 940 5337 aliquorum
961 5280 1008 5319 att·

223 5341 280 5396 diat
292 5359 386 5398 causas
406 5343 593 5411 episcoporum
609 5341 630 5406 ²,
644 5341 705 5410 quia
720 5341 811 5393 tritae
821 5347 910 5393 erunt.
925 5336 1009 5390 lntmo

224 5427 275 5467 nec
303 5414 314 5445 ⁸
338 5429 447 5469 suorutu
474 5412 644 5468 sacerdotum
673 5425 768 5465 causas
793 5408 885 5464 audiat
909 5408 1010 5474 absque

1056 4545 1173 4614 grav-ri,
1190 4544 1260 4614 apttd
1275 4545 1415 4614 pritttntettt
1430 4544 1570 4597 dioceseos
1580 4547 1627 4593 aut
1636 4541 1709 4608 apud
1719 4537 1845 4594 Cottstsn·

1057 4616 1251 4739 titiopolitanus
1272 4614 1390 4670 civitatis
1409 4612 1502 4667 sedern
1520 4618 1582 4679 agat
1605 4607 1747 4664 iudtciutu.
1762 4604 1845 4661 Etre-

1069 4701 1143 4752 tqua..

1094 4775 1137 4829 ab.
1155 4774 1192 4828 Dr
1206 4773 1379 4828 accusationis
1393 4771 1495 4834 ordine,
1508 4779 1533 4824 et
1558 4779 1586 4822 ot
1605 4784 1657 4822 nott
1679 4767 1760 4837 sucida
1778 4765 1846 4835 esis·

1058 4863 1135 4915 prtum
1149 4860 1290 4898 ucmsetttr.
1309 4842 1350 4896 Ex
1365 4860 1437 4897 sexta
1451 4841 1540 4895 mnodo
1560 4838 1680 4892 dommo
1693 4837 1808 4917 cespititio
1817 4832 1846 4895 a;

1059 4933 1116 4968 cntn
1130 4931 1181 4985 qtttt
1190 4928 1215 4967 et
1226 4916 1295 4968 ttlitte
1304 4915 1448 4967 sanctiones
1458 4912 1643 4979 imperatorum
1652 4916 1678 4960 et
1695 4906 1847 4960 mamus
1868 4924 1873 4930 ·

1059 4987 1238 5056 episcoporum
1253 4977 1848 5057 concordantbcctsatienisordinemdstlunt

1059 5056 1196 5109 tentonicis
1209 5052 1360 5109 institutum
1373 5052 1491 5108 decretis
1501 5063 1614 5104 servare
1626 5047 1769 5108 tttbetttus;
1786 5055 1812 5098 ut
1826 5056 1847 5094 st

1058 5124 1127 5179 lorte
1143 5124 1239 5193 aliquis
1252 5123 1411 5178 clericorum
1429 5122 1454 5175 in
1469 5119 1540 5174 civili
1555 5126 1602 5171 aut
1621 5116 1756 5171 etintittali
1771 5124 1848 5193 cattas

1060 5197 1182 5264 pulsatur
1196 5194 1238 5249 vel
1250 5193 1402 5247 incrimine
1415 5190 1511 5260 capitis
1522 5186 1684 5250 accersitur,
1699 5201 1753 5241 uun
1764 5194 1850 5238 sutton

1062 5281 1123 5318 reus
1137 5266 1303 5328 aestimetur,
1319 5263 1365 5330 qui
1390 5260 1508 5316 accusari
1527 5258 1626 5328 potuit,
1641 5271 1676 5309 tte
1705 5257 1851 5330 subiectam

1062 5334 1242 5388 immcentiam
1255 5333 1393 5386 iaciamus.
1409 5329 1461 5385 Sed
1476 5327 1600 5396 qusquis
1613 5327 1660 5381 ille
1672 5335 1728 5405 est,
1740 5324 1852 5405 qui-crt-

1064 5420 1125 5459 nten
1141 5403 1264 5470 intendit,
1280 5403 1307 5458 iu
1321 5401 1450 5457 indicium
1460 5400 1563 5462 vettiat,
1573 5410 1676 5453 nomen
1687 5411 1729 5452 ret
1742 5394 1851 5456 nmium,

403 5589 406 5594 .
832 5518 1024 5580 tautanius
1044 5515 1244 5573 bucutuuus

175 5628 177 5630 ’
261 5621 428 5678 'deestllab
465 5615 673 5676 'detinueritG.
712 5615 882 5687 'culpabilis
909 5614 966 5668 liat.
1005 5610 1070 5666 ‘illi
1096 5608 1154 5662 Bul.
1193 5606 1369 5662 ‘inhibemus
1395 5605 1453 5659 sot.
1492 5599 1797 5669 ‘metropolitanorum
1820 5594 1853 5650 G.

218 5775 268 5823 ιἸΙ.

226 5698 300 5749 'ont
358 5692 391 5747 G.
436 5691 568 5746 ⁸ctcorr.
586 5687 681 5744 necti.
719 5687 778 5741 'sic
794 5686 825 5740 G.
841 5695 908 5740 corr.
929 5696 1071 5754 personae.
1111 5680 1131 5710 ¹⁰
1147 5675 1227 5732 dest.
1239 5678 1322 5746 ptimo
1336 5677 1485 5746 scripserat,
1508 5672 1554 5726 sed
1568 5671 1713 5724 alumine
1734 5667 1853 5721 atreum

302 5709 638 5838 ⁸¹quttousqucctliul.
676 5757 863 5831 ”optima
889 5754 922 5811 G.
963 5754 983 5784 ¹²
997 5750 1092 5810 sinodo
1120 5746 1153 5805 G.
1193 5748 1213 5779 ¹⁸
1237 5747 1307 5802 deest
1329 5745 1388 5800 ltul.
1428 5745 1450 5776 ¹¹
1469 5739 1606 5815 priutsti.
