<?xml version="1.0" encoding="UTF-8"?>
<!DOCTYPE html PUBLIC "-//W3C//DTD XHTML 1.0 Transitional//EN"
    "http://www.w3.org/TR/xhtml1/DTD/xhtml1-transitional.dtd">
<html xmlns="http://www.w3.org/1999/xhtml" xml:lang="en" lang="en">
 <head>
  <title>
</title>
<meta http-equiv="Content-Type" content="text/html;charset=utf-8" />
  <meta name='ocr-system' content='tesseract 3.04.00' />
  <meta name='ocr-capabilities' content='ocr_page ocr_carea ocr_par ocr_line ocrx_word'/>
</head>
<body>
  <div class='ocr_page' id='page_1' title='image "./patrologiaecurs84unkngoog/patrologiaecurs84unkngoog_0107.png"; bbox 0 0 3826 6112; ppageno 0'>
   <div class='ocr_carea' id='block_1_1' title="bbox 196 292 1836 365">
    <p class='ocr_par' dir='ltr' id='par_1_1' title="bbox 196 292 1836 365">
     <span class='ocr_line' id='line_1_1' title="bbox 196 292 1836 365; baseline -0.002 -12"><span class='ocrx_word' id='word_1_1' title='bbox 196 292 249 353; x_wconf 64' lang='lat' dir='ltr'><strong>iffa</strong></span> <span class='ocrx_word' id='word_1_2' title='bbox 595 294 626 348; x_wconf 86' lang='lat' dir='ltr'><strong>B.</strong></span> <span class='ocrx_word' id='word_1_3' title='bbox 646 293 771 350; x_wconf 76' lang='lat' dir='ltr'><strong>cattoit</strong></span> <span class='ocrx_word' id='word_1_4' title='bbox 791 294 898 353; x_wconf 79' lang='lat' dir='ltr'><strong>linctu</strong></span> <span class='ocrx_word' id='word_1_5' title='bbox 916 296 991 353; x_wconf 85' lang='lat' dir='ltr'><strong>OPP.</strong></span> <span class='ocrx_word' id='word_1_6' title='bbox 1013 297 1103 354; x_wconf 82' lang='lat' dir='ltr'><strong>rans</strong></span> <span class='ocrx_word' id='word_1_7' title='bbox 1122 298 1142 352; x_wconf 91' lang='lat' dir='ltr'><strong>l.</strong></span> <span class='ocrx_word' id='word_1_8' title='bbox 1164 296 1285 354; x_wconf 75' lang='lat' dir='ltr'><strong>secuto</strong></span> <span class='ocrx_word' id='word_1_9' title='bbox 1304 295 1421 353; x_wconf 76' lang='lat' dir='ltr'><strong>raihta.</strong></span> <span class='ocrx_word' id='word_1_10' title='bbox 1779 303 1836 365; x_wconf 68' lang='lat'><strong>2⁰0</strong></span> 
     </span>
    </p>
   </div>
   <div class='ocr_carea' id='block_1_2' title="bbox 195 407 1837 573">
    <p class='ocr_par' dir='ltr' id='par_1_2' title="bbox 195 407 1837 573">
     <span class='ocr_line' id='line_1_2' title="bbox 195 407 1837 485; baseline 0.001 -19"><span class='ocrx_word' id='word_1_11' title='bbox 195 419 224 466; x_wconf 92' lang='lat' dir='ltr'><strong>nt</strong></span> <span class='ocrx_word' id='word_1_12' title='bbox 235 408 350 466; x_wconf 90' lang='lat' dir='ltr'><strong>ecclesia</strong></span> <span class='ocrx_word' id='word_1_13' title='bbox 370 422 424 464; x_wconf 93' lang='lat' dir='ltr'><strong>non</strong></span> <span class='ocrx_word' id='word_1_14' title='bbox 439 407 602 472; x_wconf 74' lang='lat' dir='ltr'><strong>destruatur,</strong></span> <span class='ocrx_word' id='word_1_15' title='bbox 628 408 677 464; x_wconf 92' lang='lat' dir='ltr'><strong>sed</strong></span> <span class='ocrx_word' id='word_1_16' title='bbox 693 410 873 464; x_wconf 77' lang='lat' dir='ltr'><strong>serviuntur·</strong></span> <span class='ocrx_word' id='word_1_17' title='bbox 886 412 986 468; x_wconf 78' lang='lat' dir='ltr'><strong>cotidie</strong></span> <span class='ocrx_word' id='word_1_18' title='bbox 1000 412 1153 474; x_wconf 75' lang='lat' dir='ltr'><strong>licentiam</strong></span> <span class='ocrx_word' id='word_1_19' title='bbox 1167 411 1293 465; x_wconf 88' lang='lat' dir='ltr'><strong>habehat.</strong></span> <span class='ocrx_word' id='word_1_20' title='bbox 1304 407 1398 464; x_wconf 90' lang='lat' dir='ltr'><strong>Omnis</strong></span> <span class='ocrx_word' id='word_1_21' title='bbox 1411 409 1529 478; x_wconf 83' lang='lat' dir='ltr'><strong>synodus</strong></span> <span class='ocrx_word' id='word_1_22' title='bbox 1537 412 1686 478; x_wconf 86' lang='lat' dir='ltr'><strong>consensit,</strong></span> <span class='ocrx_word' id='word_1_23' title='bbox 1694 420 1723 467; x_wconf 92' lang='grc' dir='ltr'><strong>ει</strong></span> <span class='ocrx_word' id='word_1_24' title='bbox 1730 414 1837 485; x_wconf 70' lang='lat' dir='ltr'><strong>placuit</strong></span> 
     </span>
     <span class='ocr_line' id='line_1_3' title="bbox 195 497 1837 573; baseline 0.002 -15"><span class='ocrx_word' id='word_1_25' title='bbox 195 503 323 559; x_wconf 87' lang='lat' dir='ltr'><strong>honores.</strong></span> <span class='ocrx_word' id='word_1_26' title='bbox 1036 500 1077 557; x_wconf 87' lang='lat' dir='ltr'><strong>eis</strong></span> <span class='ocrx_word' id='word_1_27' title='bbox 1092 512 1154 553; x_wconf 93' lang='lat' dir='ltr'><strong>eum</strong></span> <span class='ocrx_word' id='word_1_28' title='bbox 1167 499 1195 553; x_wconf 94' lang='lat' dir='ltr'><strong>in</strong></span> <span class='ocrx_word' id='word_1_29' title='bbox 1207 498 1337 568; x_wconf 91' lang='lat' dir='ltr'><strong>palatium</strong></span> <span class='ocrx_word' id='word_1_30' title='bbox 1361 511 1422 553; x_wconf 92' lang='lat' dir='ltr'><strong>esse</strong></span> <span class='ocrx_word' id='word_1_31' title='bbox 1448 497 1546 553; x_wconf 87' lang='lat' dir='ltr'><strong>debere</strong></span> <span class='ocrx_word' id='word_1_32' title='bbox 1565 508 1678 569; x_wconf 90' lang='lat' dir='ltr'><strong>propter</strong></span> <span class='ocrx_word' id='word_1_33' title='bbox 1701 504 1837 573; x_wconf 74' lang='lat' dir='ltr'><strong>utilitates</strong></span> 
     </span>
    </p>
   </div>
   <div class='ocr_carea' id='block_1_3' title="bbox 146 588 1838 1297">
    <p class='ocr_par' dir='ltr' id='par_1_3' title="bbox 227 588 1247 658">
     <span class='ocr_line' id='line_1_4' title="bbox 227 588 1247 658; baseline -0.008 -9"><span class='ocrx_word' id='word_1_34' title='bbox 227 594 272 649; x_wconf 81' lang='lat'><strong>55.</strong></span> <span class='ocrx_word' id='word_1_35' title='bbox 286 589 576 647; x_wconf 81' lang='lat' dir='ltr'><strong>biritetiamtlomnus</strong></span> <span class='ocrx_word' id='word_1_36' title='bbox 602 607 650 648; x_wconf 86' lang='lat' dir='ltr'><strong>rex</strong></span> <span class='ocrx_word' id='word_1_37' title='bbox 667 592 695 647; x_wconf 95' lang='lat' dir='ltr'><strong>in</strong></span> <span class='ocrx_word' id='word_1_38' title='bbox 711 594 805 648; x_wconf 89' lang='lat' dir='ltr'><strong>eadem</strong></span> <span class='ocrx_word' id='word_1_39' title='bbox 826 594 930 658; x_wconf 86' lang='lat' dir='ltr'><strong>sinodo,</strong></span> <span class='ocrx_word' id='word_1_40' title='bbox 955 602 985 648; x_wconf 90' lang='grc' dir='ltr'><strong>ιιι</strong></span> <span class='ocrx_word' id='word_1_41' title='bbox 1035 588 1247 645; x_wconf 81' lang='lat' dir='ltr'><strong>ecclesiasticas.</strong></span> 
     </span>
    </p>

    <p class='ocr_par' dir='ltr' id='par_1_4' title="bbox 146 678 1838 1297">
     <span class='ocr_line' id='line_1_5' title="bbox 192 678 1836 753; baseline 0 -15"><span class='ocrx_word' id='word_1_42' title='bbox 192 685 284 738; x_wconf 91' lang='lat' dir='ltr'><strong>asede</strong></span> <span class='ocrx_word' id='word_1_43' title='bbox 299 681 446 751; x_wconf 90' lang='lat' dir='ltr'><strong>apostolica</strong></span> <span class='ocrx_word' id='word_1_44' title='bbox 463 678 489 746; x_wconf 74' lang='lat' dir='ltr'><strong>b,</strong></span> <span class='ocrx_word' id='word_1_45' title='bbox 514 681 542 736; x_wconf 90' lang='lat' dir='ltr'><strong>id</strong></span> <span class='ocrx_word' id='word_1_46' title='bbox 566 691 608 736; x_wconf 91' lang='lat' dir='ltr'><strong>est</strong></span> <span class='ocrx_word' id='word_1_47' title='bbox 625 683 660 738; x_wconf 91' lang='lat' dir='ltr'><strong>ab</strong></span> <span class='ocrx_word' id='word_1_48' title='bbox 674 682 794 738; x_wconf 75' lang='lat' dir='ltr'>Adriano</span> <span class='ocrx_word' id='word_1_49' title='bbox 805 685 935 753; x_wconf 91' lang='lat' dir='ltr'><strong>pontiliei,</strong></span> <span class='ocrx_word' id='word_1_50' title='bbox 954 685 986 739; x_wconf 90' lang='lat' dir='ltr'><strong>li·</strong></span> <span class='ocrx_word' id='word_1_51' title='bbox 1071 680 1115 735; x_wconf 88' lang='lat'><strong>56.</strong></span> <span class='ocrx_word' id='word_1_52' title='bbox 1134 679 1306 736; x_wconf 90' lang='lat' dir='ltr'><strong>Commonuit</strong></span> <span class='ocrx_word' id='word_1_53' title='bbox 1317 680 1399 734; x_wconf 89' lang='lat' dir='ltr'><strong>etiam</strong></span> <span class='ocrx_word' id='word_1_54' title='bbox 1413 686 1444 733; x_wconf 90' lang='lat' dir='ltr'><strong>ut</strong></span> <span class='ocrx_word' id='word_1_55' title='bbox 1458 679 1614 749; x_wconf 80' lang='lat' dir='ltr'><strong>Aliqninum</strong></span> <span class='ocrx_word' id='word_1_56' title='bbox 1630 694 1642 722; x_wconf 61' lang='grc' dir='ltr'><strong>ι</strong></span> <span class='ocrx_word' id='word_1_57' title='bbox 1656 684 1714 753; x_wconf 83' lang='lat' dir='ltr'><strong>ipsa</strong></span> <span class='ocrx_word' id='word_1_58' title='bbox 1739 695 1836 744; x_wconf 80' lang='lat' dir='ltr'><strong>sancta</strong></span> 
     </span>
     <span class='ocr_line' id='line_1_6' title="bbox 191 769 1838 844; baseline 0.002 -15"><span class='ocrx_word' id='word_1_59' title='bbox 191 775 308 830; x_wconf 79' lang='lat' dir='ltr'><strong>centiam</strong></span> <span class='ocrx_word' id='word_1_60' title='bbox 330 772 476 836; x_wconf 89' lang='lat' dir='ltr'><strong>habuisse,</strong></span> <span class='ocrx_word' id='word_1_61' title='bbox 497 780 528 826; x_wconf 92' lang='lat' dir='ltr'><strong>ut</strong></span> <span class='ocrx_word' id='word_1_62' title='bbox 550 772 755 843; x_wconf 85' lang='lat' dir='ltr'><strong>augilramnum</strong></span> <span class='ocrx_word' id='word_1_63' title='bbox 776 775 785 806; x_wconf 84' lang='lat'><strong>¹</strong></span> <span class='ocrx_word' id='word_1_64' title='bbox 803 776 983 844; x_wconf 87' lang='lat' dir='ltr'><strong>archiepisco·</strong></span> <span class='ocrx_word' id='word_1_65' title='bbox 1035 770 1152 842; x_wconf 86' lang='lat' dir='ltr'>synodus</span> <span class='ocrx_word' id='word_1_66' title='bbox 1165 769 1192 823; x_wconf 95' lang='lat' dir='ltr'><strong>in</strong></span> <span class='ocrx_word' id='word_1_67' title='bbox 1205 783 1254 824; x_wconf 92' lang='lat' dir='ltr'><strong>suo</strong></span> <span class='ocrx_word' id='word_1_68' title='bbox 1273 769 1433 824; x_wconf 78' lang='lat' dir='ltr'><strong>consortio¹</strong></span> <span class='ocrx_word' id='word_1_69' title='bbox 1451 769 1508 823; x_wconf 83' lang='lat' dir='ltr'><strong>sire</strong></span> <span class='ocrx_word' id='word_1_70' title='bbox 1527 770 1555 822; x_wconf 93' lang='lat' dir='ltr'><strong>in</strong></span> <span class='ocrx_word' id='word_1_71' title='bbox 1576 772 1746 830; x_wconf 91' lang='lat' dir='ltr'><strong>orationibus</strong></span> <span class='ocrx_word' id='word_1_72' title='bbox 1765 778 1838 832; x_wconf 86' lang='lat' dir='ltr'><strong>reci-</strong></span> 
     </span>
     <span class='ocr_line' id='line_1_7' title="bbox 161 856 1836 935; baseline 0.002 -15"><span class='ocrx_word' id='word_1_73' title='bbox 161 856 167 868; x_wconf 85' lang='grc'><em>“</em></span> <span class='ocrx_word' id='word_1_74' title='bbox 190 880 254 935; x_wconf 90' lang='lat' dir='ltr'><strong>pum</strong></span> <span class='ocrx_word' id='word_1_75' title='bbox 269 875 281 904; x_wconf 60' lang='grc' dir='ltr'><strong>ε</strong></span> <span class='ocrx_word' id='word_1_76' title='bbox 296 865 323 919; x_wconf 93' lang='lat' dir='ltr'><strong>in</strong></span> <span class='ocrx_word' id='word_1_77' title='bbox 336 880 386 920; x_wconf 92' lang='lat' dir='ltr'><strong>suo</strong></span> <span class='ocrx_word' id='word_1_78' title='bbox 398 864 498 932; x_wconf 90' lang='lat' dir='ltr'><strong>palatio</strong></span> <span class='ocrx_word' id='word_1_79' title='bbox 510 865 617 920; x_wconf 83' lang='lat' dir='ltr'>assidue</span> <span class='ocrx_word' id='word_1_80' title='bbox 630 865 742 920; x_wconf 88' lang='lat' dir='ltr'><strong>haberet</strong></span> <span class='ocrx_word' id='word_1_81' title='bbox 760 875 870 934; x_wconf 91' lang='lat' dir='ltr'><strong>propter</strong></span> <span class='ocrx_word' id='word_1_82' title='bbox 882 866 985 921; x_wconf 87' lang='lat' dir='ltr'><strong>utilita-</strong></span> <span class='ocrx_word' id='word_1_83' title='bbox 1034 876 1099 931; x_wconf 87' lang='lat' dir='ltr'><strong>pere</strong></span> <span class='ocrx_word' id='word_1_84' title='bbox 1116 862 1283 929; x_wconf 78' lang='lat' dir='ltr'><strong>dignaretur,</strong></span> <span class='ocrx_word' id='word_1_85' title='bbox 1311 874 1344 916; x_wconf 92' lang='lat' dir='ltr'><strong>eo</strong></span> <span class='ocrx_word' id='word_1_86' title='bbox 1368 861 1438 929; x_wconf 87' lang='lat' dir='ltr'><strong>quod</strong></span> <span class='ocrx_word' id='word_1_87' title='bbox 1451 869 1523 915; x_wconf 90' lang='lat' dir='ltr'><strong>esset</strong></span> <span class='ocrx_word' id='word_1_88' title='bbox 1548 861 1589 915; x_wconf 80' lang='lat' dir='ltr'><strong>vir</strong></span> <span class='ocrx_word' id='word_1_89' title='bbox 1616 862 1644 916; x_wconf 93' lang='lat' dir='ltr'><strong>in</strong></span> <span class='ocrx_word' id='word_1_90' title='bbox 1664 865 1836 923; x_wconf 81' lang='lat' dir='ltr'><strong>ecclesiasti-</strong></span> 
     </span>
     <span class='ocr_line' id='line_1_8' title="bbox 146 944 1835 1028; baseline -0.003 -13"><span class='ocrx_word' id='word_1_91' title='bbox 146 944 149 951; x_wconf 59' lang='grc'><strong>’</strong></span> <span class='ocrx_word' id='word_1_92' title='bbox 189 957 447 1014; x_wconf 87' lang='lat' dir='ltr'><strong>tesecclesiasticas.</strong></span> <span class='ocrx_word' id='word_1_93' title='bbox 461 957 625 1026; x_wconf 86' lang='lat' dir='ltr'><strong>Deprecatus</strong></span> <span class='ocrx_word' id='word_1_94' title='bbox 638 964 680 1012; x_wconf 90' lang='lat' dir='ltr'><strong>est</strong></span> <span class='ocrx_word' id='word_1_95' title='bbox 695 956 817 1011; x_wconf 89' lang='lat' dir='ltr'><strong>eamdem</strong></span> <span class='ocrx_word' id='word_1_96' title='bbox 831 957 982 1028; x_wconf 80' lang='lat' dir='ltr'><strong>synodum,</strong></span> <span class='ocrx_word' id='word_1_97' title='bbox 1036 953 1076 1008; x_wconf 75' lang='lat' dir='ltr'><strong>ci‘s</strong></span> <span class='ocrx_word' id='word_1_98' title='bbox 1094 952 1225 1007; x_wconf 82' lang='lat' dir='ltr'><strong>doctrinis</strong></span> <span class='ocrx_word' id='word_1_99' title='bbox 1249 951 1381 1006; x_wconf 90' lang='lat' dir='ltr'><strong>eruditus.</strong></span> <span class='ocrx_word' id='word_1_100' title='bbox 1400 950 1494 1006; x_wconf 88' lang='lat' dir='ltr'><strong>Omnis</strong></span> <span class='ocrx_word' id='word_1_101' title='bbox 1513 966 1630 1022; x_wconf 88' lang='lat' dir='ltr'><strong>namque</strong></span> <span class='ocrx_word' id='word_1_102' title='bbox 1654 957 1775 1025; x_wconf 84' lang='lat' dir='ltr'><strong>synodus</strong></span> <span class='ocrx_word' id='word_1_103' title='bbox 1789 974 1835 1014; x_wconf 86' lang='lat' dir='ltr'><strong>se-</strong></span> 
     </span>
     <span class='ocr_line' id='line_1_9' title="bbox 189 1041 1835 1122; baseline 0.002 -20"><span class='ocrx_word' id='word_1_104' title='bbox 189 1057 262 1105; x_wconf 91' lang='lat' dir='ltr'><strong>uteo</strong></span> <span class='ocrx_word' id='word_1_105' title='bbox 278 1048 440 1122; x_wconf 87' lang='lat' dir='ltr'><strong>modusicut</strong></span> <span class='ocrx_word' id='word_1_106' title='bbox 455 1047 661 1118; x_wconf 89' lang='lat' dir='ltr'><strong>angilramnum</strong></span> <span class='ocrx_word' id='word_1_107' title='bbox 684 1047 825 1113; x_wconf 81' lang='lat' dir='ltr'><strong>habuerat,</strong></span> <span class='ocrx_word' id='word_1_108' title='bbox 850 1048 888 1102; x_wconf 83' lang='lat' dir='ltr'><strong>ita</strong></span> <span class='ocrx_word' id='word_1_109' title='bbox 901 1049 984 1103; x_wconf 91' lang='lat' dir='ltr'><strong>etiam</strong></span> <span class='ocrx_word' id='word_1_110' title='bbox 1035 1044 1152 1098; x_wconf 90' lang='lat' dir='ltr'><strong>cundum</strong></span> <span class='ocrx_word' id='word_1_111' title='bbox 1175 1042 1397 1099; x_wconf 84' lang='lat' dir='ltr'><strong>ammonitionem</strong></span> <span class='ocrx_word' id='word_1_112' title='bbox 1419 1041 1511 1097; x_wconf 90' lang='lat' dir='ltr'><strong>domni</strong></span> <span class='ocrx_word' id='word_1_113' title='bbox 1536 1045 1608 1111; x_wconf 87' lang='lat' dir='ltr'><strong>regis</strong></span> <span class='ocrx_word' id='word_1_114' title='bbox 1629 1048 1780 1114; x_wconf 91' lang='lat' dir='ltr'><strong>consensit,</strong></span> <span class='ocrx_word' id='word_1_115' title='bbox 1806 1058 1835 1105; x_wconf 90' lang='lat' dir='ltr'><strong>et</strong></span> 
     </span>
     <span class='ocr_line' id='line_1_10' title="bbox 188 1129 1834 1208; baseline 0.001 -16"><span class='ocrx_word' id='word_1_116' title='bbox 188 1136 374 1193; x_wconf 74' lang='lat' dir='ltr'><strong>hildeboldum</strong></span> <span class='ocrx_word' id='word_1_117' title='bbox 387 1136 567 1207; x_wconf 74' lang='lat' dir='ltr'><strong>episcopum‘¹</strong></span> <span class='ocrx_word' id='word_1_118' title='bbox 588 1136 688 1192; x_wconf 90' lang='lat' dir='ltr'><strong>habere</strong></span> <span class='ocrx_word' id='word_1_119' title='bbox 709 1137 859 1203; x_wconf 78' lang='lat' dir='ltr'><strong>debuisset3</strong></span> <span class='ocrx_word' id='word_1_120' title='bbox 879 1137 942 1207; x_wconf 91' lang='lat' dir='ltr'><strong>quia</strong></span> <span class='ocrx_word' id='word_1_121' title='bbox 956 1145 984 1191; x_wconf 89' lang='lat' dir='ltr'><strong>et</strong></span> <span class='ocrx_word' id='word_1_122' title='bbox 1035 1145 1097 1197; x_wconf 91' lang='lat' dir='ltr'><strong>eum</strong></span> <span class='ocrx_word' id='word_1_123' title='bbox 1115 1132 1144 1185; x_wconf 88' lang='lat' dir='ltr'><strong>in</strong></span> <span class='ocrx_word' id='word_1_124' title='bbox 1156 1144 1250 1186; x_wconf 89' lang='lat' dir='ltr'><strong>eorum</strong></span> <span class='ocrx_word' id='word_1_125' title='bbox 1273 1130 1410 1189; x_wconf 90' lang='lat' dir='ltr'><strong>consortio</strong></span> <span class='ocrx_word' id='word_1_126' title='bbox 1425 1129 1482 1185; x_wconf 85' lang='lat' dir='ltr'><strong>site</strong></span> <span class='ocrx_word' id='word_1_127' title='bbox 1493 1130 1521 1184; x_wconf 96' lang='lat' dir='ltr'><strong>in</strong></span> <span class='ocrx_word' id='word_1_128' title='bbox 1532 1132 1704 1191; x_wconf 83' lang='lat' dir='ltr'><strong>orationibus</strong></span> <span class='ocrx_word' id='word_1_129' title='bbox 1724 1137 1834 1208; x_wconf 87' lang='lat' dir='ltr'><strong>recipe-</strong></span> 
     </span>
     <span class='ocr_line' id='line_1_11' title="bbox 187 1224 1110 1297; baseline -0.007 -16"><span class='ocrx_word' id='word_1_130' title='bbox 187 1225 221 1281; x_wconf 92' lang='lat' dir='ltr'><strong>de</strong></span> <span class='ocrx_word' id='word_1_131' title='bbox 232 1226 416 1293; x_wconf 89' lang='lat' dir='ltr'><strong>eodem,sicut</strong></span> <span class='ocrx_word' id='word_1_132' title='bbox 428 1233 456 1282; x_wconf 93' lang='lat' dir='ltr'><strong>et</strong></span> <span class='ocrx_word' id='word_1_133' title='bbox 469 1226 502 1282; x_wconf 91' lang='lat' dir='ltr'><strong>de</strong></span> <span class='ocrx_word' id='word_1_134' title='bbox 524 1224 738 1297; x_wconf 72' lang='lat' dir='ltr'><strong>angilramnum,</strong></span> <span class='ocrx_word' id='word_1_135' title='bbox 753 1225 929 1295; x_wconf 90' lang='lat' dir='ltr'><strong>apostolicam</strong></span> <span class='ocrx_word' id='word_1_136' title='bbox 951 1224 983 1280; x_wconf 91' lang='lat' dir='ltr'><strong>li·</strong></span> <span class='ocrx_word' id='word_1_137' title='bbox 1035 1229 1110 1278; x_wconf 91' lang='lat' dir='ltr'><strong>runt.</strong></span> 
     </span>
    </p>
   </div>
   <div class='ocr_carea' id='block_1_4' title="bbox 698 1355 1213 1425">
    <p class='ocr_par' dir='ltr' id='par_1_5' title="bbox 698 1355 1213 1425">
     <span class='ocr_line' id='line_1_12' title="bbox 698 1355 1213 1425; baseline -0.031 0"><span class='ocrx_word' id='word_1_138' title='bbox 698 1418 709 1425; x_wconf 91' lang='lat'><em>.</em></span> <span class='ocrx_word' id='word_1_139' title='bbox 795 1359 992 1416; x_wconf 77' lang='lat' dir='ltr'><strong>vanientes</strong></span> <span class='ocrx_word' id='word_1_140' title='bbox 1009 1355 1213 1416; x_wconf 71' lang='lat' dir='ltr'><strong>theutones.</strong></span> 
     </span>
    </p>
   </div>
   <div class='ocr_carea' id='block_1_5' title="bbox 221 1471 1072 1636">
    <p class='ocr_par' dir='ltr' id='par_1_6' title="bbox 221 1471 1072 1636">
     <span class='ocr_line' id='line_1_13' title="bbox 221 1471 1000 1542; baseline -0.003 -15"><span class='ocrx_word' id='word_1_141' title='bbox 221 1472 438 1542; x_wconf 87' lang='lat' dir='ltr'><strong>¹angliramnum</strong></span> <span class='ocrx_word' id='word_1_142' title='bbox 457 1473 484 1527; x_wconf 91' lang='lat' dir='ltr'><strong>l.</strong></span> <span class='ocrx_word' id='word_1_143' title='bbox 523 1474 533 1505; x_wconf 86' lang='lat'><strong>¹</strong></span> <span class='ocrx_word' id='word_1_144' title='bbox 547 1474 684 1530; x_wconf 89' lang='lat' dir='ltr'><strong>consortio</strong></span> <span class='ocrx_word' id='word_1_145' title='bbox 698 1473 767 1526; x_wconf 82' lang='lat' dir='ltr'><strong>coni.</strong></span> <span class='ocrx_word' id='word_1_146' title='bbox 782 1472 813 1528; x_wconf 87' lang='lat' dir='ltr'><strong>S.</strong></span> <span class='ocrx_word' id='word_1_147' title='bbox 825 1471 960 1529; x_wconf 78' lang='lat' dir='ltr'><strong>consortio</strong></span> <span class='ocrx_word' id='word_1_148' title='bbox 973 1471 1000 1525; x_wconf 92' lang='lat' dir='ltr'><strong>l.</strong></span> 
     </span>
     <span class='ocr_line' id='line_1_14' title="bbox 955 1579 1072 1636; baseline -0.017 0"><span class='ocrx_word' id='word_1_149' title='bbox 955 1579 1072 1636; x_wconf 80' lang='lat' dir='ltr'><strong>NOTAE.</strong></span> 
     </span>
    </p>
   </div>
   <div class='ocr_carea' id='block_1_6' title="bbox 151 1693 1830 4439">
    <p class='ocr_par' dir='ltr' id='par_1_7' title="bbox 176 1693 1830 2606">
     <span class='ocr_line' id='line_1_15' title="bbox 218 1693 1830 1764; baseline 0.004 -10"><span class='ocrx_word' id='word_1_150' title='bbox 218 1697 404 1754; x_wconf 82' lang='lat' dir='ltr'><strong>tSirmondus</strong></span> <span class='ocrx_word' id='word_1_151' title='bbox 424 1697 508 1753; x_wconf 84' lang='lat' dir='ltr'><strong>edidit</strong></span> <span class='ocrx_word' id='word_1_152' title='bbox 531 1707 673 1752; x_wconf 72' lang='lat' dir='ltr'><strong>cernentur.</strong></span> <span class='ocrx_word' id='word_1_153' title='bbox 694 1697 829 1754; x_wconf 78' lang='lat' dir='ltr'><strong>Fortassis</strong></span> <span class='ocrx_word' id='word_1_154' title='bbox 852 1711 916 1752; x_wconf 81' lang='lat' dir='ltr'><strong>vera</strong></span> <span class='ocrx_word' id='word_1_155' title='bbox 934 1704 977 1752; x_wconf 91' lang='lat' dir='ltr'><strong>est</strong></span> <span class='ocrx_word' id='word_1_156' title='bbox 993 1693 1153 1759; x_wconf 80' lang='lat' dir='ltr'><strong>Bmorandi</strong></span> <span class='ocrx_word' id='word_1_157' title='bbox 1175 1693 1202 1748; x_wconf 91' lang='lat' dir='ltr'><strong>in</strong></span> <span class='ocrx_word' id='word_1_158' title='bbox 1220 1693 1337 1763; x_wconf 88' lang='lat' dir='ltr'><strong>palatio;</strong></span> <span class='ocrx_word' id='word_1_159' title='bbox 1360 1694 1589 1764; x_wconf 86' lang='lat' dir='ltr'><strong>quemadmodum</strong></span> <span class='ocrx_word' id='word_1_160' title='bbox 1611 1697 1639 1752; x_wconf 93' lang='lat' dir='ltr'><strong>in</strong></span> <span class='ocrx_word' id='word_1_161' title='bbox 1669 1699 1721 1756; x_wconf 93' lang='lat' dir='ltr'><strong>hoc</strong></span> <span class='ocrx_word' id='word_1_162' title='bbox 1736 1717 1770 1758; x_wconf 89' lang='lat' dir='ltr'><strong>ca</strong></span> <span class='ocrx_word' id='word_1_163' title='bbox 1791 1703 1830 1763; x_wconf 86' lang='lat' dir='ltr'><strong>ite</strong></span> 
     </span>
     <span class='ocr_line' id='line_1_16' title="bbox 182 1719 1830 1845; baseline 0.004 -21"><span class='ocrx_word' id='word_1_164' title='bbox 182 1768 335 1824; x_wconf 90' lang='lat' dir='ltr'><strong>emendatlo</strong></span> <span class='ocrx_word' id='word_1_165' title='bbox 362 1767 509 1823; x_wconf 89' lang='lat' dir='ltr'><strong>Sirmondi.</strong></span> <span class='ocrx_word' id='word_1_166' title='bbox 533 1767 601 1822; x_wconf 84' lang='lat' dir='ltr'><strong>Nam</strong></span> <span class='ocrx_word' id='word_1_167' title='bbox 627 1782 707 1824; x_wconf 86' lang='lat' dir='ltr'><strong>voces</strong></span> <span class='ocrx_word' id='word_1_168' title='bbox 719 1769 815 1823; x_wconf 74' lang='lat' dir='ltr'><strong>seruire</strong></span> <span class='ocrx_word' id='word_1_169' title='bbox 828 1775 856 1822; x_wconf 91' lang='lat' dir='ltr'><strong>et</strong></span> <span class='ocrx_word' id='word_1_170' title='bbox 876 1783 978 1821; x_wconf 78' lang='lat' dir='ltr'><strong>seruare</strong></span> <span class='ocrx_word' id='word_1_171' title='bbox 1028 1762 1265 1845; x_wconf 75' lang='lat' dir='ltr'><strong>Frarrcolordiensi</strong></span> <span class='ocrx_word' id='word_1_172' title='bbox 1277 1763 1392 1833; x_wconf 90' lang='lat' dir='ltr'><strong>legimus</strong></span> <span class='ocrx_word' id='word_1_173' title='bbox 1410 1766 1551 1821; x_wconf 88' lang='lat' dir='ltr'><strong>actitatum</strong></span> <span class='ocrx_word' id='word_1_174' title='bbox 1565 1781 1649 1823; x_wconf 90' lang='lat' dir='ltr'><strong>essea</strong></span> <span class='ocrx_word' id='word_1_175' title='bbox 1661 1767 1760 1829; x_wconf 85' lang='lat' dir='ltr'><strong>carolo</strong></span> <span class='ocrx_word' id='word_1_176' title='bbox 1772 1719 1830 1831; x_wconf 45' lang='lat' dir='ltr'><strong>Ra-</strong></span> 
     </span>
     <span class='ocr_line' id='line_1_17' title="bbox 182 1832 1829 1909; baseline 0.004 -15"><span class='ocrx_word' id='word_1_177' title='bbox 182 1839 327 1909; x_wconf 81' lang='lat' dir='ltr'><strong>aliquando</strong></span> <span class='ocrx_word' id='word_1_178' title='bbox 336 1837 451 1892; x_wconf 86' lang='lat' dir='ltr'><strong>invicem</strong></span> <span class='ocrx_word' id='word_1_179' title='bbox 483 1837 614 1893; x_wconf 88' lang='lat' dir='ltr'><strong>ermutari</strong></span> <span class='ocrx_word' id='word_1_180' title='bbox 626 1839 721 1893; x_wconf 87' lang='lat' dir='ltr'><strong>solitas</strong></span> <span class='ocrx_word' id='word_1_181' title='bbox 735 1838 873 1908; x_wconf 90' lang='lat' dir='ltr'><strong>colligitur</strong></span> <span class='ocrx_word' id='word_1_182' title='bbox 884 1850 918 1891; x_wconf 81' lang='lat' dir='ltr'><strong>ex</strong></span> <span class='ocrx_word' id='word_1_183' title='bbox 931 1851 978 1892; x_wconf 88' lang='lat' dir='ltr'><strong>ca·</strong></span> <span class='ocrx_word' id='word_1_184' title='bbox 1027 1851 1081 1904; x_wconf 92' lang='lat' dir='ltr'><strong>gno</strong></span> <span class='ocrx_word' id='word_1_185' title='bbox 1099 1849 1162 1888; x_wconf 86' lang='lat' dir='ltr'><strong>cunr</strong></span> <span class='ocrx_word' id='word_1_186' title='bbox 1180 1832 1386 1903; x_wconf 81' lang='lat' dir='ltr'><strong>angalramnum</strong></span> <span class='ocrx_word' id='word_1_187' title='bbox 1405 1835 1502 1904; x_wconf 91' lang='lat' dir='ltr'><strong>primo,</strong></span> <span class='ocrx_word' id='word_1_188' title='bbox 1518 1836 1581 1891; x_wconf 93' lang='lat' dir='ltr'><strong>dein</strong></span> <span class='ocrx_word' id='word_1_189' title='bbox 1594 1836 1784 1898; x_wconf 89' lang='lat' dir='ltr'><strong>llildeboldnm</strong></span> <span class='ocrx_word' id='word_1_190' title='bbox 1798 1846 1829 1901; x_wconf 93' lang='lat' dir='ltr'><strong>in</strong></span> 
     </span>
     <span class='ocr_line' id='line_1_18' title="bbox 180 1853 1827 2030; baseline 0.004 -67"><span class='ocrx_word' id='word_1_191' title='bbox 180 1909 236 1978; x_wconf 91' lang='lat' dir='ltr'><strong>pite</strong></span> <span class='ocrx_word' id='word_1_192' title='bbox 246 1907 281 1962; x_wconf 86' lang='grc'><strong>67</strong></span> <span class='ocrx_word' id='word_1_193' title='bbox 296 1907 356 1962; x_wconf 88' lang='lat' dir='ltr'><strong>iibri</strong></span> <span class='ocrx_word' id='word_1_194' title='bbox 368 1907 448 1977; x_wconf 87' lang='lat' dir='ltr'><strong>primi</strong></span> <span class='ocrx_word' id='word_1_195' title='bbox 465 1853 681 1977; x_wconf 47' lang='lat' dir='ltr'><strong>{apitularium</strong></span> <span class='ocrx_word' id='word_1_196' title='bbox 707 1908 754 1962; x_wconf 92' lang='lat' dir='ltr'><strong>ubi</strong></span> <span class='ocrx_word' id='word_1_197' title='bbox 771 1923 827 1977; x_wconf 70' lang='lat' dir='ltr'><strong>,pro</strong></span> <span class='ocrx_word' id='word_1_198' title='bbox 848 1923 880 1962; x_wconf 87' lang='lat' dir='ltr'><strong>eo</strong></span> <span class='ocrx_word' id='word_1_199' title='bbox 905 1907 977 1976; x_wconf 89' lang='lat' dir='ltr'><strong>quod</strong></span> <span class='ocrx_word' id='word_1_200' title='bbox 1026 1904 1127 1986; x_wconf 77' lang='lat' dir='ltr'><strong>palatio</strong></span> <span class='ocrx_word' id='word_1_201' title='bbox 1148 1920 1197 1959; x_wconf 91' lang='lat' dir='ltr'><strong>suo</strong></span> <span class='ocrx_word' id='word_1_202' title='bbox 1216 1902 1316 1985; x_wconf 77' lang='lat' dir='ltr'><strong>habere</strong></span> <span class='ocrx_word' id='word_1_203' title='bbox 1334 1903 1421 1985; x_wconf 79' lang='lat' dir='ltr'><strong>voluit</strong></span> <span class='ocrx_word' id='word_1_204' title='bbox 1443 1913 1554 2030; x_wconf 60' lang='lat' dir='ltr'><strong>Erepter</strong></span> <span class='ocrx_word' id='word_1_205' title='bbox 1579 1908 1711 1966; x_wconf 76' lang='lat' dir='ltr'><strong>utilitates</strong></span> <span class='ocrx_word' id='word_1_206' title='bbox 1734 1914 1827 1970; x_wconf 88' lang='lat' dir='ltr'><strong>eccle-</strong></span> 
     </span>
     <span class='ocr_line' id='line_1_19' title="bbox 180 1972 1828 2046; baseline 0.004 -13"><span class='ocrx_word' id='word_1_207' title='bbox 180 1978 292 2034; x_wconf 88' lang='lat' dir='ltr'><strong>meliora</strong></span> <span class='ocrx_word' id='word_1_208' title='bbox 304 1977 476 2046; x_wconf 80' lang='lat' dir='ltr'><strong>Exemplaria</strong></span> <span class='ocrx_word' id='word_1_209' title='bbox 496 1977 596 2032; x_wconf 92' lang='lat' dir='ltr'><strong>habent</strong></span> <span class='ocrx_word' id='word_1_210' title='bbox 610 1977 723 2032; x_wconf 70' lang='lat' dir='ltr'><strong>bonores</strong></span> <span class='ocrx_word' id='word_1_211' title='bbox 736 1977 918 2041; x_wconf 66' lang='lat' dir='ltr'><strong>caeremonia</strong></span> <span class='ocrx_word' id='word_1_212' title='bbox 931 1975 976 2031; x_wconf 91' lang='lat' dir='ltr'><strong>Pi·</strong></span> <span class='ocrx_word' id='word_1_213' title='bbox 1026 1983 1160 2030; x_wconf 84' lang='lat' dir='ltr'><strong>srasncas.</strong></span> <span class='ocrx_word' id='word_1_214' title='bbox 1177 1972 1266 2028; x_wconf 81' lang='lat' dir='ltr'><strong>Testis</strong></span> <span class='ocrx_word' id='word_1_215' title='bbox 1280 1980 1322 2028; x_wconf 89' lang='lat' dir='ltr'><strong>est</strong></span> <span class='ocrx_word' id='word_1_216' title='bbox 1344 1982 1427 2029; x_wconf 84' lang='lat' dir='ltr'><strong>ettam</strong></span> <span class='ocrx_word' id='word_1_217' title='bbox 1464 1990 1525 2043; x_wconf 82' lang='lat' dir='ltr'><strong>uyus</strong></span> <span class='ocrx_word' id='word_1_218' title='bbox 1551 1977 1590 2032; x_wconf 90' lang='lat' dir='ltr'><strong>rei</strong></span> <span class='ocrx_word' id='word_1_219' title='bbox 1616 1977 1779 2039; x_wconf 88' lang='lat' dir='ltr'><strong>llincmarus</strong></span> <span class='ocrx_word' id='word_1_220' title='bbox 1797 1986 1828 2041; x_wconf 92' lang='lat' dir='ltr'><strong>in</strong></span> 
     </span>
     <span class='ocr_line' id='line_1_20' title="bbox 179 2042 1829 2114; baseline 0.004 -12"><span class='ocrx_word' id='word_1_221' title='bbox 179 2049 286 2104; x_wconf 82' lang='lat' dir='ltr'><strong>thaeano</strong></span> <span class='ocrx_word' id='word_1_222' title='bbox 304 2055 394 2102; x_wconf 84' lang='lat' dir='ltr'><strong>tamen</strong></span> <span class='ocrx_word' id='word_1_223' title='bbox 407 2045 628 2111; x_wconf 87' lang='lat' dir='ltr'><strong>Gamberonensi,</strong></span> <span class='ocrx_word' id='word_1_224' title='bbox 643 2047 842 2112; x_wconf 87' lang='lat' dir='ltr'><strong>aurelianensi,</strong></span> <span class='ocrx_word' id='word_1_225' title='bbox 851 2047 973 2112; x_wconf 84' lang='lat' dir='ltr'><strong>Thuano,</strong></span> <span class='ocrx_word' id='word_1_226' title='bbox 1025 2044 1140 2114; x_wconf 90' lang='lat' dir='ltr'><strong>epistola</strong></span> <span class='ocrx_word' id='word_1_227' title='bbox 1155 2044 1199 2113; x_wconf 87' lang='lat' dir='ltr'><strong>lt,</strong></span> <span class='ocrx_word' id='word_1_228' title='bbox 1216 2058 1276 2113; x_wconf 89' lang='lat' dir='ltr'><strong>cap.</strong></span> <span class='ocrx_word' id='word_1_229' title='bbox 1289 2042 1333 2110; x_wconf 84' lang='lat' dir='ltr'><strong>ll,</strong></span> <span class='ocrx_word' id='word_1_230' title='bbox 1347 2043 1460 2114; x_wconf 86' lang='lat' dir='ltr'><strong>loquens</strong></span> <span class='ocrx_word' id='word_1_231' title='bbox 1478 2045 1513 2101; x_wconf 92' lang='lat' dir='ltr'><strong>de</strong></span> <span class='ocrx_word' id='word_1_232' title='bbox 1527 2048 1677 2105; x_wconf 90' lang='lat' dir='ltr'><strong>ministerio</strong></span> <span class='ocrx_word' id='word_1_233' title='bbox 1691 2059 1719 2106; x_wconf 90' lang='lat' dir='ltr'><strong>et</strong></span> <span class='ocrx_word' id='word_1_234' title='bbox 1736 2051 1829 2111; x_wconf 71' lang='lat' dir='ltr'><strong>oficio</strong></span> 
     </span>
     <span class='ocr_line' id='line_1_21' title="bbox 178 2113 1827 2188; baseline 0.005 -15"><span class='ocrx_word' id='word_1_235' title='bbox 178 2117 334 2183; x_wconf 85' lang='lat' dir='ltr'><strong>Parisiensi,</strong></span> <span class='ocrx_word' id='word_1_236' title='bbox 351 2117 516 2183; x_wconf 81' lang='lat' dir='ltr'><strong>Divionensi,</strong></span> <span class='ocrx_word' id='word_1_237' title='bbox 537 2125 565 2172; x_wconf 91' lang='lat' dir='ltr'><strong>et</strong></span> <span class='ocrx_word' id='word_1_238' title='bbox 579 2117 691 2173; x_wconf 80' lang='lat' dir='ltr'><strong>aletensi</strong></span> <span class='ocrx_word' id='word_1_239' title='bbox 706 2118 837 2187; x_wconf 89' lang='lat' dir='ltr'><strong>scriptum</strong></span> <span class='ocrx_word' id='word_1_240' title='bbox 859 2124 902 2172; x_wconf 92' lang='grc' dir='ltr'><strong>εει</strong></span> <span class='ocrx_word' id='word_1_241' title='bbox 920 2133 974 2171; x_wconf 83' lang='lat' dir='ltr'><strong>rer·</strong></span> <span class='ocrx_word' id='word_1_242' title='bbox 1025 2114 1257 2184; x_wconf 89' lang='lat' dir='ltr'><strong>archicapellani:</strong></span> <span class='ocrx_word' id='word_1_243' title='bbox 1276 2131 1286 2164; x_wconf 91' lang='grc' dir='ltr'><strong>ι</strong></span> <span class='ocrx_word' id='word_1_244' title='bbox 1302 2113 1459 2184; x_wconf 89' lang='lat' dir='ltr'><strong>atempore</strong></span> <span class='ocrx_word' id='word_1_245' title='bbox 1471 2131 1537 2171; x_wconf 89' lang='lat' dir='ltr'><strong>vero</strong></span> <span class='ocrx_word' id='word_1_246' title='bbox 1557 2117 1663 2188; x_wconf 88' lang='lat' dir='ltr'><strong>Pippini</strong></span> <span class='ocrx_word' id='word_1_247' title='bbox 1687 2130 1713 2176; x_wconf 92' lang='grc' dir='ltr'><strong>ει</strong></span> <span class='ocrx_word' id='word_1_248' title='bbox 1732 2120 1827 2181; x_wconf 87' lang='lat' dir='ltr'><strong>Camli</strong></span> 
     </span>
     <span class='ocr_line' id='line_1_22' title="bbox 177 2185 1828 2261; baseline 0.004 -18"><span class='ocrx_word' id='word_1_249' title='bbox 177 2189 259 2253; x_wconf 73' lang='lat' dir='ltr'><strong>edom,</strong></span> <span class='ocrx_word' id='word_1_250' title='bbox 273 2188 301 2242; x_wconf 90' lang='lat' dir='ltr'><strong>in</strong></span> <span class='ocrx_word' id='word_1_251' title='bbox 323 2186 427 2242; x_wconf 88' lang='lat' dir='ltr'><strong>Tiliano</strong></span> <span class='ocrx_word' id='word_1_252' title='bbox 453 2196 564 2242; x_wconf 73' lang='lat' dir='ltr'><strong>ternant.</strong></span> <span class='ocrx_word' id='word_1_253' title='bbox 587 2187 677 2244; x_wconf 84' lang='lat' dir='ltr'><strong>Editio</strong></span> <span class='ocrx_word' id='word_1_254' title='bbox 691 2202 799 2258; x_wconf 85' lang='lat' dir='ltr'><strong>quoque</strong></span> <span class='ocrx_word' id='word_1_255' title='bbox 811 2187 974 2243; x_wconf 80' lang='lat' dir='ltr'><strong>basileensis</strong></span> <span class='ocrx_word' id='word_1_256' title='bbox 1024 2185 1159 2240; x_wconf 89' lang='lat' dir='ltr'><strong>interdum</strong></span> <span class='ocrx_word' id='word_1_257' title='bbox 1173 2198 1221 2254; x_wconf 91' lang='lat' dir='ltr'><strong>per</strong></span> <span class='ocrx_word' id='word_1_258' title='bbox 1230 2185 1412 2255; x_wconf 89' lang='lat' dir='ltr'><strong>presbyteros,</strong></span> <span class='ocrx_word' id='word_1_259' title='bbox 1428 2185 1563 2240; x_wconf 85' lang='lat' dir='ltr'><strong>interdum</strong></span> <span class='ocrx_word' id='word_1_260' title='bbox 1575 2203 1622 2257; x_wconf 88' lang='lat' dir='ltr'><strong>per</strong></span> <span class='ocrx_word' id='word_1_261' title='bbox 1631 2189 1772 2261; x_wconf 89' lang='lat' dir='ltr'><strong>episcopos</strong></span> <span class='ocrx_word' id='word_1_262' title='bbox 1781 2211 1828 2250; x_wconf 88' lang='lat' dir='ltr'><strong>re-</strong></span> 
     </span>
     <span class='ocr_line' id='line_1_23' title="bbox 178 2254 1829 2327; baseline 0.005 -14"><span class='ocrx_word' id='word_1_263' title='bbox 178 2258 261 2313; x_wconf 88' lang='lat' dir='ltr'><strong>habct</strong></span> <span class='ocrx_word' id='word_1_264' title='bbox 279 2258 401 2312; x_wconf 79' lang='lat' dir='ltr'><strong>terciam.</strong></span> <span class='ocrx_word' id='word_1_265' title='bbox 419 2256 472 2312; x_wconf 88' lang='lat' dir='ltr'><strong>Sed</strong></span> <span class='ocrx_word' id='word_1_266' title='bbox 495 2258 628 2313; x_wconf 90' lang='lat' dir='ltr'><strong>lleroldus</strong></span> <span class='ocrx_word' id='word_1_267' title='bbox 651 2257 792 2314; x_wconf 88' lang='lat' dir='ltr'><strong>admonuit</strong></span> <span class='ocrx_word' id='word_1_268' title='bbox 806 2259 834 2312; x_wconf 90' lang='lat' dir='ltr'><strong>in</strong></span> <span class='ocrx_word' id='word_1_269' title='bbox 852 2258 974 2327; x_wconf 80' lang='lat' dir='ltr'><strong>margine</strong></span> <span class='ocrx_word' id='word_1_270' title='bbox 1024 2254 1068 2324; x_wconf 88' lang='lat' dir='ltr'><strong>gia</strong></span> <span class='ocrx_word' id='word_1_271' title='bbox 1081 2255 1220 2311; x_wconf 77' lang='lat' dir='ltr'><strong>voluntate</strong></span> <span class='ocrx_word' id='word_1_272' title='bbox 1231 2262 1312 2323; x_wconf 87' lang='lat' dir='ltr'><strong>atque</strong></span> <span class='ocrx_word' id='word_1_273' title='bbox 1323 2254 1624 2324; x_wconf 83' lang='lat' dir='ltr'><strong>episcopaliconsensu,</strong></span> <span class='ocrx_word' id='word_1_274' title='bbox 1632 2272 1682 2327; x_wconf 93' lang='lat' dir='ltr'><strong>per</strong></span> <span class='ocrx_word' id='word_1_275' title='bbox 1695 2261 1829 2320; x_wconf 88' lang='lat' dir='ltr'><strong>diaconos</strong></span> 
     </span>
     <span class='ocr_line' id='line_1_24' title="bbox 177 2324 1828 2406; baseline 0.005 -25"><span class='ocrx_word' id='word_1_276' title='bbox 177 2327 320 2398; x_wconf 89' lang='lat' dir='ltr'><strong>legendum</strong></span> <span class='ocrx_word' id='word_1_277' title='bbox 346 2341 407 2382; x_wconf 90' lang='lat' dir='ltr'><strong>esse</strong></span> <span class='ocrx_word' id='word_1_278' title='bbox 432 2337 574 2382; x_wconf 74' lang='lat' dir='ltr'><strong>terremur.</strong></span> <span class='ocrx_word' id='word_1_279' title='bbox 599 2326 733 2385; x_wconf 80' lang='lat' dir='ltr'><strong>aptonius</strong></span> <span class='ocrx_word' id='word_1_280' title='bbox 753 2326 921 2398; x_wconf 87' lang='lat' dir='ltr'><strong>augustinns</strong></span> <span class='ocrx_word' id='word_1_281' title='bbox 944 2328 972 2381; x_wconf 87' lang='lat' dir='ltr'><strong>in</strong></span> <span class='ocrx_word' id='word_1_282' title='bbox 1024 2324 1066 2406; x_wconf 75' lang='lat' dir='ltr'><strong>vel</strong></span> <span class='ocrx_word' id='word_1_283' title='bbox 1084 2325 1257 2395; x_wconf 89' lang='lat' dir='ltr'><strong>presbyteros</strong></span> <span class='ocrx_word' id='word_1_284' title='bbox 1271 2325 1357 2395; x_wconf 91' lang='lat' dir='ltr'><strong>magis</strong></span> <span class='ocrx_word' id='word_1_285' title='bbox 1369 2340 1449 2394; x_wconf 90' lang='lat' dir='ltr'><strong>quam</strong></span> <span class='ocrx_word' id='word_1_286' title='bbox 1462 2341 1512 2395; x_wconf 92' lang='lat' dir='ltr'><strong>per</strong></span> <span class='ocrx_word' id='word_1_287' title='bbox 1532 2326 1673 2397; x_wconf 87' lang='lat' dir='ltr'><strong>episcopos</strong></span> <span class='ocrx_word' id='word_1_288' title='bbox 1694 2330 1746 2387; x_wconf 90' lang='lat' dir='ltr'><strong>boc</strong></span> <span class='ocrx_word' id='word_1_289' title='bbox 1765 2333 1828 2389; x_wconf 85' lang='lat' dir='ltr'><strong>olli-</strong></span> 
     </span>
     <span class='ocr_line' id='line_1_25' title="bbox 177 2395 1828 2469; baseline 0.004 -16"><span class='ocrx_word' id='word_1_290' title='bbox 177 2396 316 2457; x_wconf 86' lang='lat' dir='ltr'><strong>Glossario</strong></span> <span class='ocrx_word' id='word_1_291' title='bbox 329 2396 362 2451; x_wconf 92' lang='lat' dir='ltr'><strong>ad</strong></span> <span class='ocrx_word' id='word_1_292' title='bbox 373 2396 510 2452; x_wconf 83' lang='lat' dir='ltr'><strong>lulianum</strong></span> <span class='ocrx_word' id='word_1_293' title='bbox 529 2395 735 2453; x_wconf 67' lang='lat' dir='ltr'><strong>antecessorem</strong></span> <span class='ocrx_word' id='word_1_294' title='bbox 755 2398 868 2453; x_wconf 91' lang='lat' dir='ltr'><strong>adnotat</strong></span> <span class='ocrx_word' id='word_1_295' title='bbox 879 2411 973 2452; x_wconf 81' lang='lat' dir='ltr'><strong>vocem</strong></span> <span class='ocrx_word' id='word_1_296' title='bbox 1024 2409 1096 2449; x_wconf 88' lang='grc' dir='ltr'><strong>ειιιι</strong></span> <span class='ocrx_word' id='word_1_297' title='bbox 1132 2403 1289 2450; x_wconf 86' lang='lat' dir='ltr'><strong>exsecutum</strong></span> <span class='ocrx_word' id='word_1_298' title='bbox 1324 2396 1429 2450; x_wconf 83' lang='lat' dir='ltr'><strong>exstitit</strong></span> <span class='ocrx_word' id='word_1_299' title='bbox 1462 2413 1469 2449; x_wconf 92' lang='lat'><strong>:</strong></span> <span class='ocrx_word' id='word_1_300' title='bbox 1497 2396 1561 2466; x_wconf 84' lang='lat' dir='ltr'><strong>quia</strong></span> <span class='ocrx_word' id='word_1_301' title='bbox 1591 2399 1711 2469; x_wconf 77' lang='lat' dir='ltr'><strong>episcopi</strong></span> <span class='ocrx_word' id='word_1_302' title='bbox 1735 2405 1828 2459; x_wconf 91' lang='lat' dir='ltr'><strong>conti-</strong></span> 
     </span>
     <span class='ocr_line' id='line_1_26' title="bbox 176 2465 1827 2539; baseline 0.005 -18"><span class='ocrx_word' id='word_1_303' title='bbox 176 2467 309 2522; x_wconf 82' lang='lat' dir='ltr'><strong>obrerrent</strong></span> <span class='ocrx_word' id='word_1_304' title='bbox 328 2466 355 2520; x_wconf 94' lang='lat' dir='ltr'><strong>in</strong></span> <span class='ocrx_word' id='word_1_305' title='bbox 370 2468 457 2537; x_wconf 89' lang='lat' dir='ltr'><strong>capite</strong></span> <span class='ocrx_word' id='word_1_306' title='bbox 471 2467 506 2523; x_wconf 73' lang='lat'><strong>29</strong></span> <span class='ocrx_word' id='word_1_307' title='bbox 521 2466 633 2523; x_wconf 78' lang='lat' dir='ltr'><strong>novellae</strong></span> <span class='ocrx_word' id='word_1_308' title='bbox 646 2469 699 2524; x_wconf 74' lang='lat' dir='ltr'><strong>lab</strong></span> <span class='ocrx_word' id='word_1_309' title='bbox 712 2469 830 2539; x_wconf 91' lang='lat' dir='ltr'><strong>positam</strong></span> <span class='ocrx_word' id='word_1_310' title='bbox 843 2480 904 2523; x_wconf 89' lang='lat' dir='ltr'><strong>esse</strong></span> <span class='ocrx_word' id='word_1_311' title='bbox 922 2482 973 2537; x_wconf 91' lang='lat' dir='ltr'><strong>pro</strong></span> <span class='ocrx_word' id='word_1_312' title='bbox 1023 2480 1092 2520; x_wconf 92' lang='lat' dir='ltr'><strong>nuas</strong></span> <span class='ocrx_word' id='word_1_313' title='bbox 1115 2465 1222 2536; x_wconf 79' lang='lat' dir='ltr'><strong>vigilias</strong></span> <span class='ocrx_word' id='word_1_314' title='bbox 1247 2480 1329 2535; x_wconf 88' lang='lat' dir='ltr'><strong>supra</strong></span> <span class='ocrx_word' id='word_1_315' title='bbox 1356 2480 1465 2536; x_wconf 77' lang='lat' dir='ltr'><strong>gregem</strong></span> <span class='ocrx_word' id='word_1_316' title='bbox 1481 2482 1561 2522; x_wconf 89' lang='lat' dir='ltr'><strong>suum</strong></span> <span class='ocrx_word' id='word_1_317' title='bbox 1583 2467 1683 2524; x_wconf 88' lang='lat' dir='ltr'><strong>debent</strong></span> <span class='ocrx_word' id='word_1_318' title='bbox 1714 2472 1827 2530; x_wconf 87' lang='lat' dir='ltr'><strong>assidue</strong></span> 
     </span>
     <span class='ocr_line' id='line_1_27' title="bbox 177 2535 1825 2606; baseline 0.004 -14"><span class='ocrx_word' id='word_1_319' title='bbox 177 2535 335 2592; x_wconf 71' lang='lat' dir='ltr'><strong>oircrnnnt.</strong></span> <span class='ocrx_word' id='word_1_320' title='bbox 356 2537 456 2592; x_wconf 78' lang='lat' dir='ltr'><strong>Banna.</strong></span> <span class='ocrx_word' id='word_1_321' title='bbox 1023 2535 1146 2606; x_wconf 81' lang='lat' dir='ltr'><strong>exemplo</strong></span> <span class='ocrx_word' id='word_1_322' title='bbox 1159 2545 1186 2591; x_wconf 90' lang='lat' dir='ltr'><strong>et</strong></span> <span class='ocrx_word' id='word_1_323' title='bbox 1203 2535 1286 2590; x_wconf 79' lang='lat' dir='ltr'><strong>uerbo</strong></span> <span class='ocrx_word' id='word_1_324' title='bbox 1302 2535 1427 2605; x_wconf 84' lang='lat' dir='ltr'><strong>vigilare,</strong></span> <span class='ocrx_word' id='word_1_325' title='bbox 1439 2546 1466 2589; x_wconf 92' lang='grc' dir='ltr'><strong>ει</strong></span> <span class='ocrx_word' id='word_1_326' title='bbox 1481 2553 1535 2592; x_wconf 91' lang='lat' dir='ltr'><strong>non</strong></span> <span class='ocrx_word' id='word_1_327' title='bbox 1547 2537 1649 2595; x_wconf 92' lang='lat' dir='ltr'><strong>diutius</strong></span> <span class='ocrx_word' id='word_1_328' title='bbox 1672 2543 1825 2599; x_wconf 66' lang='lat' dir='ltr'><strong>nebridum</strong></span> 
     </span>
    </p>

    <p class='ocr_par' dir='ltr' id='par_1_8' title="bbox 170 2605 1826 3726">
     <span class='ocr_line' id='line_1_28' title="bbox 211 2605 1825 2679; baseline 0.004 -16"><span class='ocrx_word' id='word_1_329' title='bbox 211 2606 445 2663; x_wconf 67' lang='grc' dir='ltr'><strong>1Ὀειιειιειιειιιιιι</strong></span> <span class='ocrx_word' id='word_1_330' title='bbox 471 2623 501 2661; x_wconf 86' lang='grc' dir='ltr'><strong>ει</strong></span> <span class='ocrx_word' id='word_1_331' title='bbox 518 2622 535 2661; x_wconf 95' lang='lat' dir='ltr'><strong>o</strong></span> <span class='ocrx_word' id='word_1_332' title='bbox 554 2621 631 2679; x_wconf 88' lang='lat' dir='ltr'><strong>reges</strong></span> <span class='ocrx_word' id='word_1_333' title='bbox 658 2610 744 2664; x_wconf 92' lang='lat' dir='ltr'><strong>nostri</strong></span> <span class='ocrx_word' id='word_1_334' title='bbox 758 2623 807 2678; x_wconf 91' lang='lat' dir='ltr'><strong>per</strong></span> <span class='ocrx_word' id='word_1_335' title='bbox 830 2607 876 2664; x_wconf 90' lang='lat' dir='ltr'><strong>illa</strong></span> <span class='ocrx_word' id='word_1_336' title='bbox 903 2615 972 2664; x_wconf 86' lang='grc' dir='ltr'><strong>ιειιι-</strong></span> <span class='ocrx_word' id='word_1_337' title='bbox 1023 2620 1116 2662; x_wconf 88' lang='lat' dir='ltr'><strong>sacros</strong></span> <span class='ocrx_word' id='word_1_338' title='bbox 1138 2621 1256 2662; x_wconf 86' lang='lat' dir='ltr'><strong>canones</strong></span> <span class='ocrx_word' id='word_1_339' title='bbox 1273 2605 1361 2660; x_wconf 88' lang='lat' dir='ltr'><strong>asnis</strong></span> <span class='ocrx_word' id='word_1_340' title='bbox 1385 2607 1482 2662; x_wconf 89' lang='lat' dir='ltr'><strong>abesse</strong></span> <span class='ocrx_word' id='word_1_341' title='bbox 1505 2608 1651 2677; x_wconf 86' lang='lat' dir='ltr'><strong>parochiis.</strong></span> <span class='ocrx_word' id='word_1_342' title='bbox 1669 2629 1679 2663; x_wconf 87' lang='lat' dir='ltr'><strong>r</strong></span> <span class='ocrx_word' id='word_1_343' title='bbox 1701 2611 1768 2667; x_wconf 82' lang='lat' dir='ltr'><strong>Tarm</strong></span> <span class='ocrx_word' id='word_1_344' title='bbox 1792 2614 1825 2669; x_wconf 92' lang='lat' dir='ltr'><strong>in</strong></span> 
     </span>
     <span class='ocr_line' id='line_1_29' title="bbox 175 2623 1826 2755; baseline 0.005 -25"><span class='ocrx_word' id='word_1_345' title='bbox 175 2691 241 2748; x_wconf 91' lang='lat' dir='ltr'><strong>pora</strong></span> <span class='ocrx_word' id='word_1_346' title='bbox 260 2684 352 2746; x_wconf 89' lang='lat' dir='ltr'><strong>petere</strong></span> <span class='ocrx_word' id='word_1_347' title='bbox 377 2692 392 2731; x_wconf 89' lang='lat' dir='ltr'><strong>a</strong></span> <span class='ocrx_word' id='word_1_348' title='bbox 419 2623 591 2748; x_wconf 50' lang='lat' dir='ltr'><strong>pontiffcibus</strong></span> <span class='ocrx_word' id='word_1_349' title='bbox 619 2679 748 2735; x_wconf 84' lang='lat' dir='ltr'><strong>liomanis</strong></span> <span class='ocrx_word' id='word_1_350' title='bbox 780 2679 921 2749; x_wconf 88' lang='lat' dir='ltr'><strong>episcopos</strong></span> <span class='ocrx_word' id='word_1_351' title='bbox 943 2688 972 2735; x_wconf 91' lang='lat' dir='ltr'><strong>et</strong></span> <span class='ocrx_word' id='word_1_352' title='bbox 1022 2676 1111 2747; x_wconf 89' lang='lat' dir='ltr'><strong>capite</strong></span> <span class='ocrx_word' id='word_1_353' title='bbox 1127 2676 1251 2746; x_wconf 85' lang='lat' dir='ltr'><strong>sequenti</strong></span> <span class='ocrx_word' id='word_1_354' title='bbox 1265 2683 1407 2731; x_wconf 86' lang='lat' dir='ltr'><strong>enumerat</strong></span> <span class='ocrx_word' id='word_1_355' title='bbox 1420 2678 1594 2748; x_wconf 87' lang='lat' dir='ltr'><strong>presbyteros</strong></span> <span class='ocrx_word' id='word_1_356' title='bbox 1620 2680 1666 2749; x_wconf 83' lang='lat' dir='ltr'><strong>qui</strong></span> <span class='ocrx_word' id='word_1_357' title='bbox 1689 2682 1739 2737; x_wconf 90' lang='lat' dir='ltr'><strong>sub</strong></span> <span class='ocrx_word' id='word_1_358' title='bbox 1757 2681 1826 2755; x_wconf 81' lang='lat' dir='ltr'><strong>Pip-</strong></span> 
     </span>
     <span class='ocr_line' id='line_1_30' title="bbox 174 2745 1824 2818; baseline 0.004 -16"><span class='ocrx_word' id='word_1_359' title='bbox 174 2748 347 2818; x_wconf 91' lang='lat' dir='ltr'><strong>presbyteros</strong></span> <span class='ocrx_word' id='word_1_360' title='bbox 359 2747 522 2817; x_wconf 82' lang='lat' dir='ltr'><strong>quiaesidue</strong></span> <span class='ocrx_word' id='word_1_361' title='bbox 544 2748 571 2801; x_wconf 92' lang='lat' dir='ltr'><strong>in</strong></span> <span class='ocrx_word' id='word_1_362' title='bbox 589 2749 690 2818; x_wconf 88' lang='lat' dir='ltr'><strong>palatio</strong></span> <span class='ocrx_word' id='word_1_363' title='bbox 708 2759 858 2804; x_wconf 88' lang='lat' dir='ltr'><strong>manerent.</strong></span> <span class='ocrx_word' id='word_1_364' title='bbox 883 2748 971 2818; x_wconf 82' lang='lat' dir='ltr'><strong>Origi-</strong></span> <span class='ocrx_word' id='word_1_365' title='bbox 1020 2746 1094 2815; x_wconf 91' lang='lat' dir='ltr'><strong>pino,</strong></span> <span class='ocrx_word' id='word_1_366' title='bbox 1121 2747 1229 2812; x_wconf 84' lang='lat' dir='ltr'><strong>Garolo,</strong></span> <span class='ocrx_word' id='word_1_367' title='bbox 1247 2754 1275 2801; x_wconf 90' lang='lat' dir='ltr'><strong>et</strong></span> <span class='ocrx_word' id='word_1_368' title='bbox 1294 2745 1431 2803; x_wconf 88' lang='lat' dir='ltr'><strong>Ludovico</strong></span> <span class='ocrx_word' id='word_1_369' title='bbox 1449 2748 1658 2817; x_wconf 84' lang='lat' dir='ltr'><strong>archicapellani</strong></span> <span class='ocrx_word' id='word_1_370' title='bbox 1678 2750 1760 2808; x_wconf 86' lang='lat' dir='ltr'><strong>luere.</strong></span> <span class='ocrx_word' id='word_1_371' title='bbox 1779 2755 1824 2809; x_wconf 92' lang='lat' dir='ltr'><strong>ln.</strong></span> 
     </span>
     <span class='ocr_line' id='line_1_31' title="bbox 174 2816 1824 2900; baseline 0.005 -29"><span class='ocrx_word' id='word_1_372' title='bbox 174 2831 237 2872; x_wconf 90' lang='lat' dir='ltr'><strong>nem</strong></span> <span class='ocrx_word' id='word_1_373' title='bbox 251 2817 331 2872; x_wconf 91' lang='lat' dir='ltr'><strong>istius</strong></span> <span class='ocrx_word' id='word_1_374' title='bbox 344 2817 428 2872; x_wconf 91' lang='lat' dir='ltr'><strong>moris</strong></span> <span class='ocrx_word' id='word_1_375' title='bbox 449 2819 554 2900; x_wconf 85' lang='lat' dir='ltr'><strong>reperio</strong></span> <span class='ocrx_word' id='word_1_376' title='bbox 566 2818 595 2873; x_wconf 93' lang='lat' dir='ltr'><strong>in</strong></span> <span class='ocrx_word' id='word_1_377' title='bbox 610 2819 723 2888; x_wconf 89' lang='lat' dir='ltr'><strong>epistola</strong></span> <span class='ocrx_word' id='word_1_378' title='bbox 740 2819 776 2874; x_wconf 67' lang='lat' dir='ltr'><strong>ali</strong></span> <span class='ocrx_word' id='word_1_379' title='bbox 787 2818 895 2876; x_wconf 85' lang='lat' dir='ltr'><strong>Codicis</strong></span> <span class='ocrx_word' id='word_1_380' title='bbox 919 2819 971 2874; x_wconf 85' lang='lat' dir='ltr'><strong>Ga·</strong></span> <span class='ocrx_word' id='word_1_381' title='bbox 1058 2830 1069 2856; x_wconf 78' lang='lat'>⁰</span> <span class='ocrx_word' id='word_1_382' title='bbox 1093 2816 1252 2873; x_wconf 84' lang='lat' dir='ltr'><strong>aletensem.</strong></span> <span class='ocrx_word' id='word_1_383' title='bbox 1283 2816 1438 2872; x_wconf 77' lang='lat' dir='ltr'><strong>Vocabatur</strong></span> <span class='ocrx_word' id='word_1_384' title='bbox 1464 2829 1556 2873; x_wconf 90' lang='lat' dir='ltr'><strong>autem</strong></span> <span class='ocrx_word' id='word_1_385' title='bbox 1580 2820 1824 2893; x_wconf 85' lang='lat' dir='ltr'><strong>archiepiscopus,</strong></span> 
     </span>
     <span class='ocr_line' id='line_1_32' title="bbox 173 2886 1826 2961; baseline 0.005 -20"><span class='ocrx_word' id='word_1_386' title='bbox 173 2887 264 2951; x_wconf 89' lang='lat' dir='ltr'><strong>rolini,</strong></span> <span class='ocrx_word' id='word_1_387' title='bbox 280 2903 340 2956; x_wconf 82' lang='lat' dir='ltr'><strong>quaa</strong></span> <span class='ocrx_word' id='word_1_388' title='bbox 354 2897 396 2942; x_wconf 91' lang='lat' dir='ltr'><strong>est</strong></span> <span class='ocrx_word' id='word_1_389' title='bbox 411 2886 487 2943; x_wconf 83' lang='lat' dir='ltr'><strong>Pauli</strong></span> <span class='ocrx_word' id='word_1_390' title='bbox 511 2903 586 2958; x_wconf 83' lang='lat' dir='ltr'><strong>papoe</strong></span> <span class='ocrx_word' id='word_1_391' title='bbox 606 2891 641 2943; x_wconf 89' lang='lat' dir='ltr'><strong>ad</strong></span> <span class='ocrx_word' id='word_1_392' title='bbox 655 2890 797 2959; x_wconf 89' lang='lat' dir='ltr'><strong>Pippinum</strong></span> <span class='ocrx_word' id='word_1_393' title='bbox 816 2904 917 2961; x_wconf 86' lang='lat' dir='ltr'><strong>regem,</strong></span> <span class='ocrx_word' id='word_1_394' title='bbox 941 2891 969 2944; x_wconf 95' lang='lat' dir='ltr'><strong>in</strong></span> <span class='ocrx_word' id='word_1_395' title='bbox 1021 2887 1145 2956; x_wconf 84' lang='lat' dir='ltr'><strong>quamvis</strong></span> <span class='ocrx_word' id='word_1_396' title='bbox 1159 2886 1384 2958; x_wconf 89' lang='lat' dir='ltr'><strong>metropolitanus</strong></span> <span class='ocrx_word' id='word_1_397' title='bbox 1397 2903 1450 2944; x_wconf 91' lang='lat' dir='ltr'><strong>non</strong></span> <span class='ocrx_word' id='word_1_398' title='bbox 1465 2893 1547 2956; x_wconf 87' lang='lat' dir='ltr'><strong>esset,</strong></span> <span class='ocrx_word' id='word_1_399' title='bbox 1559 2890 1624 2959; x_wconf 85' lang='lat' dir='ltr'><strong>quia</strong></span> <span class='ocrx_word' id='word_1_400' title='bbox 1638 2907 1757 2947; x_wconf 85' lang='lat' dir='ltr'><strong>summus</strong></span> <span class='ocrx_word' id='word_1_401' title='bbox 1775 2910 1826 2949; x_wconf 83' lang='lat' dir='ltr'><strong>sa-</strong></span> 
     </span>
     <span class='ocr_line' id='line_1_33' title="bbox 173 2957 1826 3039; baseline 0.005 -27"><span class='ocrx_word' id='word_1_402' title='bbox 173 2971 227 3027; x_wconf 85' lang='lat' dir='ltr'><strong>qua</strong></span> <span class='ocrx_word' id='word_1_403' title='bbox 244 2957 303 3013; x_wconf 69' lang='lat' dir='ltr'><strong>haec</strong></span> <span class='ocrx_word' id='word_1_404' title='bbox 317 2958 444 3028; x_wconf 88' lang='lat' dir='ltr'><strong>leguntur</strong></span> <span class='ocrx_word' id='word_1_405' title='bbox 465 2977 471 3013; x_wconf 93' lang='lat'><strong>:</strong></span> <span class='ocrx_word' id='word_1_406' title='bbox 497 2976 506 3008; x_wconf 90' lang='grc' dir='ltr'><strong>ι</strong></span> <span class='ocrx_word' id='word_1_407' title='bbox 523 2959 656 3014; x_wconf 76' lang='lat' dir='ltr'><strong>Praecelsa</strong></span> <span class='ocrx_word' id='word_1_408' title='bbox 674 2960 860 3015; x_wconf 88' lang='lat' dir='ltr'><strong>christianitas</strong></span> <span class='ocrx_word' id='word_1_409' title='bbox 880 2969 969 3017; x_wconf 87' lang='lat' dir='ltr'><strong>vestra</strong></span> <span class='ocrx_word' id='word_1_410' title='bbox 1020 2958 1060 3012; x_wconf 86' lang='lat' dir='ltr'><strong>cri</strong></span> <span class='ocrx_word' id='word_1_411' title='bbox 1086 2957 1180 3027; x_wconf 90' lang='lat' dir='ltr'><strong>palatii</strong></span> <span class='ocrx_word' id='word_1_412' title='bbox 1201 2957 1358 3039; x_wconf 81' lang='lat' dir='ltr'><strong>capellanus</strong></span> <span class='ocrx_word' id='word_1_413' title='bbox 1383 2967 1455 3021; x_wconf 88' lang='lat' dir='ltr'><strong>erat;</strong></span> <span class='ocrx_word' id='word_1_414' title='bbox 1488 2959 1560 3014; x_wconf 92' lang='lat' dir='ltr'><strong>sicut</strong></span> <span class='ocrx_word' id='word_1_415' title='bbox 1582 2959 1716 3018; x_wconf 78' lang='lat' dir='ltr'><strong>Fulradus</strong></span> <span class='ocrx_word' id='word_1_416' title='bbox 1735 2964 1826 3020; x_wconf 88' lang='lat' dir='ltr'><strong>abbas</strong></span> 
     </span>
     <span class='ocr_line' id='line_1_34' title="bbox 172 3027 1823 3115; baseline 0.004 -32"><span class='ocrx_word' id='word_1_417' title='bbox 172 3040 221 3097; x_wconf 92' lang='lat' dir='ltr'><strong>per</strong></span> <span class='ocrx_word' id='word_1_418' title='bbox 238 3027 346 3083; x_wconf 88' lang='lat' dir='ltr'><strong>easdem</strong></span> <span class='ocrx_word' id='word_1_419' title='bbox 373 3043 436 3083; x_wconf 88' lang='lat' dir='ltr'><strong>suas</strong></span> <span class='ocrx_word' id='word_1_420' title='bbox 460 3044 475 3083; x_wconf 92' lang='lat' dir='ltr'><strong>a</strong></span> <span class='ocrx_word' id='word_1_421' title='bbox 498 3029 576 3084; x_wconf 89' lang='lat' dir='ltr'><strong>nohis</strong></span> <span class='ocrx_word' id='word_1_422' title='bbox 598 3029 677 3098; x_wconf 88' lang='lat' dir='ltr'><strong>petiit</strong></span> <span class='ocrx_word' id='word_1_423' title='bbox 696 3030 815 3092; x_wconf 83' lang='lat' dir='ltr'><strong>syllabas</strong></span> <span class='ocrx_word' id='word_1_424' title='bbox 823 3030 1005 3115; x_wconf 69' lang='lat' dir='ltr'><strong>Georginmc</strong></span> <span class='ocrx_word' id='word_1_425' title='bbox 1021 3029 1108 3083; x_wconf 89' lang='lat' dir='ltr'><strong>sancti</strong></span> <span class='ocrx_word' id='word_1_426' title='bbox 1121 3027 1251 3098; x_wconf 80' lang='lat' dir='ltr'><strong>Dionysia,</strong></span> <span class='ocrx_word' id='word_1_427' title='bbox 1267 3028 1312 3096; x_wconf 88' lang='lat' dir='ltr'><strong>qui</strong></span> <span class='ocrx_word' id='word_1_428' title='bbox 1324 3028 1419 3083; x_wconf 91' lang='lat' dir='ltr'><strong>eadem</strong></span> <span class='ocrx_word' id='word_1_429' title='bbox 1430 3028 1562 3099; x_wconf 90' lang='lat' dir='ltr'><strong>dignitate</strong></span> <span class='ocrx_word' id='word_1_430' title='bbox 1582 3039 1694 3086; x_wconf 87' lang='lat' dir='ltr'><strong>ornatus</strong></span> <span class='ocrx_word' id='word_1_431' title='bbox 1707 3041 1765 3087; x_wconf 88' lang='lat' dir='ltr'><strong>erat</strong></span> <span class='ocrx_word' id='word_1_432' title='bbox 1792 3034 1823 3089; x_wconf 93' lang='lat' dir='ltr'><strong>in</strong></span> 
     </span>
     <span class='ocr_line' id='line_1_35' title="bbox 172 3090 1825 3170; baseline 0.003 -18"><span class='ocrx_word' id='word_1_433' title='bbox 172 3097 328 3167; x_wconf 88' lang='lat' dir='ltr'><strong>episcopum</strong></span> <span class='ocrx_word' id='word_1_434' title='bbox 342 3107 369 3153; x_wconf 91' lang='lat' dir='ltr'><strong>et</strong></span> <span class='ocrx_word' id='word_1_435' title='bbox 387 3099 496 3153; x_wconf 88' lang='lat' dir='ltr'><strong>Petrum</strong></span> <span class='ocrx_word' id='word_1_436' title='bbox 512 3101 699 3170; x_wconf 85' lang='lat' dir='ltr'><strong>presbyterum</strong></span> <span class='ocrx_word' id='word_1_437' title='bbox 711 3090 741 3154; x_wconf 86' lang='lat' dir='ltr'><strong>in</strong></span> <span class='ocrx_word' id='word_1_438' title='bbox 755 3107 846 3155; x_wconf 82' lang='lat' dir='ltr'><strong>restro</strong></span> <span class='ocrx_word' id='word_1_439' title='bbox 861 3115 969 3170; x_wconf 90' lang='lat' dir='ltr'><strong>perma-</strong></span> <span class='ocrx_word' id='word_1_440' title='bbox 1020 3098 1122 3167; x_wconf 87' lang='lat' dir='ltr'><strong>palatio</strong></span> <span class='ocrx_word' id='word_1_441' title='bbox 1134 3096 1240 3167; x_wconf 90' lang='lat' dir='ltr'><strong>Pippini</strong></span> <span class='ocrx_word' id='word_1_442' title='bbox 1255 3106 1283 3152; x_wconf 86' lang='lat' dir='ltr'><strong>et</strong></span> <span class='ocrx_word' id='word_1_443' title='bbox 1295 3097 1394 3163; x_wconf 87' lang='lat' dir='ltr'><strong>Caroli,</strong></span> <span class='ocrx_word' id='word_1_444' title='bbox 1409 3098 1472 3166; x_wconf 85' lang='lat' dir='ltr'><strong>quia</strong></span> <span class='ocrx_word' id='word_1_445' title='bbox 1489 3101 1633 3170; x_wconf 86' lang='lat' dir='ltr'><strong>presbyter</strong></span> <span class='ocrx_word' id='word_1_446' title='bbox 1647 3109 1715 3167; x_wconf 91' lang='lat' dir='ltr'><strong>erat,</strong></span> <span class='ocrx_word' id='word_1_447' title='bbox 1732 3101 1825 3158; x_wconf 78' lang='lat' dir='ltr'><strong>Fran-</strong></span> 
     </span>
     <span class='ocr_line' id='line_1_36' title="bbox 171 3167 1824 3243; baseline 0.002 -21"><span class='ocrx_word' id='word_1_448' title='bbox 171 3183 238 3223; x_wconf 90' lang='lat' dir='ltr'><strong>ncre</strong></span> <span class='ocrx_word' id='word_1_449' title='bbox 252 3169 361 3223; x_wconf 78' lang='lat' dir='ltr'><strong>servitio</strong></span> <span class='ocrx_word' id='word_1_450' title='bbox 373 3184 423 3223; x_wconf 91' lang='lat' dir='ltr'><strong>nos</strong></span> <span class='ocrx_word' id='word_1_451' title='bbox 436 3170 534 3225; x_wconf 89' lang='lat' dir='ltr'><strong>debere</strong></span> <span class='ocrx_word' id='word_1_452' title='bbox 549 3169 708 3226; x_wconf 90' lang='lat' dir='ltr'><strong>concedere.</strong></span> <span class='ocrx_word' id='word_1_453' title='bbox 724 3170 758 3224; x_wconf 87' lang='lat' dir='ltr'><strong>Et</strong></span> <span class='ocrx_word' id='word_1_454' title='bbox 778 3170 886 3239; x_wconf 87' lang='lat' dir='ltr'><strong>quidem</strong></span> <span class='ocrx_word' id='word_1_455' title='bbox 899 3186 968 3240; x_wconf 82' lang='lat' dir='ltr'><strong>prae-</strong></span> <span class='ocrx_word' id='word_1_456' title='bbox 1019 3168 1069 3223; x_wconf 77' lang='lat' dir='ltr'><strong>cire</strong></span> <span class='ocrx_word' id='word_1_457' title='bbox 1079 3167 1298 3238; x_wconf 88' lang='lat' dir='ltr'><strong>archipresbyter</strong></span> <span class='ocrx_word' id='word_1_458' title='bbox 1307 3176 1420 3223; x_wconf 84' lang='lat' dir='ltr'><strong>vocatur</strong></span> <span class='ocrx_word' id='word_1_459' title='bbox 1431 3168 1460 3222; x_wconf 91' lang='lat' dir='ltr'><strong>in</strong></span> <span class='ocrx_word' id='word_1_460' title='bbox 1478 3170 1591 3239; x_wconf 88' lang='lat' dir='ltr'><strong>epistola</strong></span> <span class='ocrx_word' id='word_1_461' title='bbox 1614 3169 1725 3226; x_wconf 88' lang='lat' dir='ltr'><strong>adriani</strong></span> <span class='ocrx_word' id='word_1_462' title='bbox 1739 3186 1824 3243; x_wconf 73' lang='lat' dir='ltr'><strong>papa·</strong></span> 
     </span>
     <span class='ocr_line' id='line_1_37' title="bbox 171 3237 1823 3312; baseline 0.005 -22"><span class='ocrx_word' id='word_1_463' title='bbox 171 3238 366 3293; x_wconf 87' lang='lat' dir='ltr'><strong>cellentissima</strong></span> <span class='ocrx_word' id='word_1_464' title='bbox 379 3249 468 3294; x_wconf 82' lang='lat' dir='ltr'><strong>restra</strong></span> <span class='ocrx_word' id='word_1_465' title='bbox 483 3240 636 3308; x_wconf 85' lang='lat' dir='ltr'><strong>benignitas</strong></span> <span class='ocrx_word' id='word_1_466' title='bbox 650 3249 778 3311; x_wconf 89' lang='lat' dir='ltr'><strong>agnoscat</strong></span> <span class='ocrx_word' id='word_1_467' title='bbox 792 3255 842 3295; x_wconf 92' lang='lat' dir='ltr'><strong>nos</strong></span> <span class='ocrx_word' id='word_1_468' title='bbox 861 3239 969 3309; x_wconf 75' lang='lat' dir='ltr'><strong>iamdu-</strong></span> <span class='ocrx_word' id='word_1_469' title='bbox 1019 3237 1053 3292; x_wconf 91' lang='lat' dir='ltr'><strong>ad</strong></span> <span class='ocrx_word' id='word_1_470' title='bbox 1085 3238 1220 3307; x_wconf 79' lang='lat' dir='ltr'><strong>Tilpinunr</strong></span> <span class='ocrx_word' id='word_1_471' title='bbox 1252 3238 1419 3307; x_wconf 82' lang='lat' dir='ltr'><strong>archiepisco</strong></span> <span class='ocrx_word' id='word_1_472' title='bbox 1439 3253 1484 3293; x_wconf 91' lang='lat' dir='ltr'><strong>um</strong></span> <span class='ocrx_word' id='word_1_473' title='bbox 1517 3239 1716 3304; x_wconf 85' lang='lat' dir='ltr'><strong>ithemeasem,</strong></span> <span class='ocrx_word' id='word_1_474' title='bbox 1754 3257 1823 3312; x_wconf 81' lang='lat' dir='ltr'><strong>quae</strong></span> 
     </span>
     <span class='ocr_line' id='line_1_38' title="bbox 170 3253 1822 3380; baseline 0.003 -18"><span class='ocrx_word' id='word_1_475' title='bbox 170 3308 234 3362; x_wconf 90' lang='lat' dir='ltr'><strong>dum</strong></span> <span class='ocrx_word' id='word_1_476' title='bbox 258 3307 291 3362; x_wconf 93' lang='lat' dir='ltr'><strong>de</strong></span> <span class='ocrx_word' id='word_1_477' title='bbox 315 3309 476 3365; x_wconf 82' lang='lat' dir='ltr'><strong>hocvestrae</strong></span> <span class='ocrx_word' id='word_1_478' title='bbox 502 3311 704 3379; x_wconf 89' lang='lat' dir='ltr'><strong>obtemperasse</strong></span> <span class='ocrx_word' id='word_1_479' title='bbox 734 3311 877 3366; x_wconf 77' lang='lat' dir='ltr'><strong>voluntati.</strong></span> <span class='ocrx_word' id='word_1_480' title='bbox 903 3309 969 3364; x_wconf 79' lang='lat' dir='ltr'><strong>rat</strong></span> <span class='ocrx_word' id='word_1_481' title='bbox 1019 3315 1108 3364; x_wconf 84' lang='lat' dir='ltr'><strong>exstat</strong></span> <span class='ocrx_word' id='word_1_482' title='bbox 1119 3307 1190 3377; x_wconf 91' lang='lat' dir='ltr'><strong>apud</strong></span> <span class='ocrx_word' id='word_1_483' title='bbox 1203 3306 1393 3363; x_wconf 81' lang='lat' dir='ltr'><strong>Flodoardnm.</strong></span> <span class='ocrx_word' id='word_1_484' title='bbox 1413 3253 1498 3363; x_wconf 53' lang='lat' dir='ltr'><strong>ssorm</strong></span> <span class='ocrx_word' id='word_1_485' title='bbox 1511 3308 1716 3380; x_wconf 85' lang='lat' dir='ltr'><strong>augilramnum</strong></span> <span class='ocrx_word' id='word_1_486' title='bbox 1732 3311 1822 3370; x_wconf 85' lang='lat' dir='ltr'><strong>luisse</strong></span> 
     </span>
     <span class='ocr_line' id='line_1_39' title="bbox 170 3376 1821 3450; baseline 0.003 -17"><span class='ocrx_word' id='word_1_487' title='bbox 170 3377 307 3433; x_wconf 84' lang='lat' dir='ltr'><strong>excellens</strong></span> <span class='ocrx_word' id='word_1_488' title='bbox 319 3386 398 3433; x_wconf 89' lang='lat' dir='ltr'><strong>estet</strong></span> <span class='ocrx_word' id='word_1_489' title='bbox 409 3379 554 3434; x_wconf 89' lang='lat' dir='ltr'><strong>sanctitate</strong></span> <span class='ocrx_word' id='word_1_490' title='bbox 567 3378 645 3447; x_wconf 88' lang='lat' dir='ltr'><strong>plena</strong></span> <span class='ocrx_word' id='word_1_491' title='bbox 657 3395 773 3448; x_wconf 83' lang='lat' dir='ltr'><strong>sequens</strong></span> <span class='ocrx_word' id='word_1_492' title='bbox 787 3379 863 3433; x_wconf 90' lang='lat' dir='ltr'><strong>Pauli</strong></span> <span class='ocrx_word' id='word_1_493' title='bbox 880 3380 969 3449; x_wconf 90' lang='lat' dir='ltr'><strong>ponti-</strong></span> <span class='ocrx_word' id='word_1_494' title='bbox 1019 3377 1101 3433; x_wconf 90' lang='lat' dir='ltr'><strong>etiam</strong></span> <span class='ocrx_word' id='word_1_495' title='bbox 1112 3377 1305 3432; x_wconf 86' lang='lat' dir='ltr'><strong>cancellarium</strong></span> <span class='ocrx_word' id='word_1_496' title='bbox 1315 3376 1403 3433; x_wconf 85' lang='lat' dir='ltr'><strong>Caroli</strong></span> <span class='ocrx_word' id='word_1_497' title='bbox 1420 3377 1507 3448; x_wconf 88' lang='lat' dir='ltr'><strong>llagni</strong></span> <span class='ocrx_word' id='word_1_498' title='bbox 1519 3379 1618 3450; x_wconf 88' lang='lat' dir='ltr'><strong>legitur</strong></span> <span class='ocrx_word' id='word_1_499' title='bbox 1638 3380 1666 3435; x_wconf 90' lang='lat' dir='ltr'><strong>in</strong></span> <span class='ocrx_word' id='word_1_500' title='bbox 1679 3381 1821 3440; x_wconf 86' lang='lat' dir='ltr'><strong>Chronico</strong></span> 
     </span>
     <span class='ocr_line' id='line_1_40' title="bbox 170 3446 1821 3519; baseline 0.004 -18"><span class='ocrx_word' id='word_1_501' title='bbox 170 3447 230 3502; x_wconf 80' lang='lat' dir='ltr'><strong>{leis</strong></span> <span class='ocrx_word' id='word_1_502' title='bbox 242 3448 399 3503; x_wconf 88' lang='lat' dir='ltr'><strong>admonitio.</strong></span> <span class='ocrx_word' id='word_1_503' title='bbox 413 3447 509 3503; x_wconf 85' lang='lat' dir='ltr'><strong>Subdit</strong></span> <span class='ocrx_word' id='word_1_504' title='bbox 519 3449 591 3503; x_wconf 88' lang='lat' dir='ltr'><strong>enirn</strong></span> <span class='ocrx_word' id='word_1_505' title='bbox 612 3466 619 3502; x_wconf 90' lang='lat'>:</span> <span class='ocrx_word' id='word_1_506' title='bbox 637 3467 646 3499; x_wconf 92' lang='grc' dir='ltr'><strong>ι</strong></span> <span class='ocrx_word' id='word_1_507' title='bbox 669 3448 722 3505; x_wconf 86' lang='lat' dir='ltr'><strong>Pro</strong></span> <span class='ocrx_word' id='word_1_508' title='bbox 734 3465 787 3519; x_wconf 88' lang='lat' dir='ltr'><strong>quo</strong></span> <span class='ocrx_word' id='word_1_509' title='bbox 801 3449 908 3517; x_wconf 85' lang='lat' dir='ltr'><strong>dirigite</strong></span> <span class='ocrx_word' id='word_1_510' title='bbox 919 3466 968 3505; x_wconf 94' lang='lat' dir='ltr'><strong>no-</strong></span> <span class='ocrx_word' id='word_1_511' title='bbox 1018 3448 1175 3503; x_wconf 88' lang='lat' dir='ltr'><strong>monasterii</strong></span> <span class='ocrx_word' id='word_1_512' title='bbox 1187 3446 1371 3502; x_wconf 78' lang='lat' dir='ltr'><strong>senoniensis.</strong></span> <span class='ocrx_word' id='word_1_513' title='bbox 1385 3447 1462 3514; x_wconf 84' lang='lat' dir='ltr'><strong>Quod</strong></span> <span class='ocrx_word' id='word_1_514' title='bbox 1473 3451 1496 3503; x_wconf 93' lang='lat' dir='ltr'><strong>si</strong></span> <span class='ocrx_word' id='word_1_515' title='bbox 1508 3465 1602 3503; x_wconf 77' lang='lat' dir='ltr'><strong>rerum</strong></span> <span class='ocrx_word' id='word_1_516' title='bbox 1613 3457 1665 3514; x_wconf 85' lang='lat' dir='ltr'><strong>est.</strong></span> <span class='ocrx_word' id='word_1_517' title='bbox 1677 3450 1740 3506; x_wconf 87' lang='lat' dir='ltr'><strong>hinc</strong></span> <span class='ocrx_word' id='word_1_518' title='bbox 1750 3467 1821 3509; x_wconf 89' lang='lat' dir='ltr'><strong>con-</strong></span> 
     </span>
     <span class='ocr_line' id='line_1_41' title="bbox 170 3516 1819 3600; baseline 0.004 -29"><span class='ocrx_word' id='word_1_519' title='bbox 170 3516 213 3571; x_wconf 89' lang='lat' dir='ltr'><strong>bis</strong></span> <span class='ocrx_word' id='word_1_520' title='bbox 225 3516 290 3585; x_wconf 83' lang='lat' dir='ltr'><strong>quid</strong></span> <span class='ocrx_word' id='word_1_521' title='bbox 305 3517 337 3571; x_wconf 91' lang='lat' dir='ltr'><strong>de</strong></span> <span class='ocrx_word' id='word_1_522' title='bbox 352 3518 508 3586; x_wconf 89' lang='lat' dir='ltr'><strong>episcopatu</strong></span> <span class='ocrx_word' id='word_1_523' title='bbox 520 3519 642 3587; x_wconf 76' lang='lat' dir='ltr'><strong>pratici</strong></span> <span class='ocrx_word' id='word_1_524' title='bbox 655 3518 765 3590; x_wconf 89' lang='lat' dir='ltr'><strong>Georgii</strong></span> <span class='ocrx_word' id='word_1_525' title='bbox 778 3527 805 3574; x_wconf 90' lang='lat' dir='ltr'><strong>et</strong></span> <span class='ocrx_word' id='word_1_526' title='bbox 828 3519 860 3573; x_wconf 93' lang='lat' dir='ltr'><strong>de</strong></span> <span class='ocrx_word' id='word_1_527' title='bbox 874 3519 968 3575; x_wconf 87' lang='lat' dir='ltr'><strong>Eccle·</strong></span> <span class='ocrx_word' id='word_1_528' title='bbox 1018 3517 1120 3572; x_wconf 82' lang='lat' dir='ltr'><strong>firmari</strong></span> <span class='ocrx_word' id='word_1_529' title='bbox 1132 3524 1221 3586; x_wconf 91' lang='lat' dir='ltr'><strong>potest</strong></span> <span class='ocrx_word' id='word_1_530' title='bbox 1233 3530 1326 3572; x_wconf 88' lang='lat' dir='ltr'><strong>eorum</strong></span> <span class='ocrx_word' id='word_1_531' title='bbox 1338 3518 1429 3600; x_wconf 82' lang='lat' dir='ltr'><strong>opinio</strong></span> <span class='ocrx_word' id='word_1_532' title='bbox 1439 3518 1485 3587; x_wconf 81' lang='lat' dir='ltr'><strong>qui</strong></span> <span class='ocrx_word' id='word_1_533' title='bbox 1498 3527 1595 3587; x_wconf 90' lang='lat' dir='ltr'><strong>putant</strong></span> <span class='ocrx_word' id='word_1_534' title='bbox 1604 3520 1819 3590; x_wconf 85' lang='lat' dir='ltr'><strong>archicapellani</strong></span> 
     </span>
     <span class='ocr_line' id='line_1_42' title="bbox 170 3585 1820 3660; baseline 0.005 -20"><span class='ocrx_word' id='word_1_535' title='bbox 170 3586 211 3640; x_wconf 91' lang='lat' dir='ltr'><strong>sia</strong></span> <span class='ocrx_word' id='word_1_536' title='bbox 223 3592 283 3655; x_wconf 84' lang='lat' dir='ltr'><strong>quae</strong></span> <span class='ocrx_word' id='word_1_537' title='bbox 296 3587 492 3655; x_wconf 77' lang='lat' dir='ltr'><strong>praenominato</strong></span> <span class='ocrx_word' id='word_1_538' title='bbox 505 3585 586 3642; x_wconf 87' lang='lat' dir='ltr'><strong>Petro</strong></span> <span class='ocrx_word' id='word_1_539' title='bbox 609 3589 754 3644; x_wconf 86' lang='lat' dir='ltr'><strong>commissa</strong></span> <span class='ocrx_word' id='word_1_540' title='bbox 776 3596 817 3644; x_wconf 85' lang='lat' dir='ltr'><strong>est</strong></span> <span class='ocrx_word' id='word_1_541' title='bbox 839 3603 968 3660; x_wconf 85' lang='lat' dir='ltr'><strong>peragere</strong></span> <span class='ocrx_word' id='word_1_542' title='bbox 1017 3596 1045 3642; x_wconf 88' lang='lat' dir='ltr'><strong>et</strong></span> <span class='ocrx_word' id='word_1_543' title='bbox 1071 3585 1301 3643; x_wconf 85' lang='lat' dir='ltr'><strong>archicancellarii</strong></span> <span class='ocrx_word' id='word_1_544' title='bbox 1324 3587 1412 3642; x_wconf 90' lang='lat' dir='ltr'><strong>olhcia</strong></span> <span class='ocrx_word' id='word_1_545' title='bbox 1430 3587 1574 3655; x_wconf 82' lang='lat' dir='ltr'><strong>conjuncta</strong></span> <span class='ocrx_word' id='word_1_546' title='bbox 1595 3588 1679 3646; x_wconf 80' lang='lat' dir='ltr'><strong>tuisse</strong></span> <span class='ocrx_word' id='word_1_547' title='bbox 1699 3591 1750 3647; x_wconf 87' lang='lat' dir='ltr'><strong>sub</strong></span> <span class='ocrx_word' id='word_1_548' title='bbox 1773 3608 1820 3649; x_wconf 84' lang='lat' dir='ltr'><strong>sc-</strong></span> 
     </span>
     <span class='ocr_line' id='line_1_43' title="bbox 170 3656 1560 3726; baseline 0.002 -15"><span class='ocrx_word' id='word_1_549' title='bbox 170 3656 327 3719; x_wconf 88' lang='lat' dir='ltr'><strong>debeamus,</strong></span> <span class='ocrx_word' id='word_1_550' title='bbox 342 3671 376 3710; x_wconf 94' lang='lat' dir='ltr'><strong>ne</strong></span> <span class='ocrx_word' id='word_1_551' title='bbox 387 3656 502 3725; x_wconf 88' lang='lat' dir='ltr'><strong>amplius</strong></span> <span class='ocrx_word' id='word_1_552' title='bbox 521 3657 576 3712; x_wconf 94' lang='lat' dir='ltr'><strong>illis</strong></span> <span class='ocrx_word' id='word_1_553' title='bbox 592 3658 737 3714; x_wconf 90' lang='lat' dir='ltr'><strong>admonitis</strong></span> <span class='ocrx_word' id='word_1_554' title='bbox 751 3659 778 3713; x_wconf 90' lang='lat' dir='ltr'><strong>in</strong></span> <span class='ocrx_word' id='word_1_555' title='bbox 793 3659 905 3713; x_wconf 84' lang='lat' dir='ltr'><strong>nimiam</strong></span> <span class='ocrx_word' id='word_1_556' title='bbox 921 3675 967 3713; x_wconf 88' lang='lat' dir='ltr'><strong>ne·</strong></span> <span class='ocrx_word' id='word_1_557' title='bbox 1018 3657 1106 3712; x_wconf 90' lang='lat' dir='ltr'><strong>cunda</strong></span> <span class='ocrx_word' id='word_1_558' title='bbox 1117 3672 1210 3726; x_wconf 89' lang='lat' dir='ltr'><strong>regum</strong></span> <span class='ocrx_word' id='word_1_559' title='bbox 1226 3665 1380 3712; x_wconf 89' lang='lat' dir='ltr'><strong>nostrorum</strong></span> <span class='ocrx_word' id='word_1_560' title='bbox 1394 3656 1509 3712; x_wconf 88' lang='lat' dir='ltr'><strong>lamilia.</strong></span> <span class='ocrx_word' id='word_1_561' title='bbox 1521 3657 1560 3714; x_wconf 91' lang='lat' dir='ltr'><strong>ln.</strong></span> 
     </span>
    </p>

    <p class='ocr_par' dir='ltr' id='par_1_9' title="bbox 151 3725 1817 4439">
     <span class='ocr_line' id='line_1_44' title="bbox 188 3725 1438 3796; baseline 0.003 -18"><span class='ocrx_word' id='word_1_562' title='bbox 188 3725 273 3780; x_wconf 91' lang='lat' dir='ltr'><strong>lectus</strong></span> <span class='ocrx_word' id='word_1_563' title='bbox 293 3725 424 3780; x_wconf 89' lang='lat' dir='ltr'><strong>incuriam</strong></span> <span class='ocrx_word' id='word_1_564' title='bbox 449 3727 603 3781; x_wconf 88' lang='lat' dir='ltr'><strong>deveniant.</strong></span> <span class='ocrx_word' id='word_1_565' title='bbox 634 3748 643 3780; x_wconf 80' lang='grc' dir='ltr'><strong>ι</strong></span> <span class='ocrx_word' id='word_1_566' title='bbox 672 3729 852 3784; x_wconf 78' lang='lat' dir='ltr'><strong>Existintabat</strong></span> <span class='ocrx_word' id='word_1_567' title='bbox 876 3728 967 3796; x_wconf 84' lang='lat' dir='ltr'><strong>itaque</strong></span> <span class='ocrx_word' id='word_1_568' title='bbox 1053 3726 1307 3784; x_wconf 75' lang='lat' dir='ltr'><strong>dColoniensiseli</strong></span> <span class='ocrx_word' id='word_1_569' title='bbox 1340 3726 1438 3782; x_wconf 71' lang='lat' dir='ltr'><strong>reicit.</strong></span> 
     </span>
     <span class='ocr_line' id='line_1_45' title="bbox 169 3738 1815 3871; baseline 0.004 -22"><span class='ocrx_word' id='word_1_570' title='bbox 169 3738 269 3850; x_wconf 46' lang='lat' dir='ltr'><strong>§aulus</strong></span> <span class='ocrx_word' id='word_1_571' title='bbox 288 3811 341 3850; x_wconf 94' lang='lat' dir='ltr'><strong>non</strong></span> <span class='ocrx_word' id='word_1_572' title='bbox 355 3810 434 3865; x_wconf 88' lang='lat' dir='ltr'><strong>posse</strong></span> <span class='ocrx_word' id='word_1_573' title='bbox 460 3795 605 3866; x_wconf 85' lang='lat' dir='ltr'><strong>Georgium</strong></span> <span class='ocrx_word' id='word_1_574' title='bbox 627 3806 654 3853; x_wconf 91' lang='lat' dir='ltr'><strong>et</strong></span> <span class='ocrx_word' id='word_1_575' title='bbox 674 3799 784 3853; x_wconf 89' lang='lat' dir='ltr'><strong>Petrum</strong></span> <span class='ocrx_word' id='word_1_576' title='bbox 803 3811 898 3867; x_wconf 88' lang='lat' dir='ltr'><strong>regere</strong></span> <span class='ocrx_word' id='word_1_577' title='bbox 916 3798 967 3854; x_wconf 82' lang='lat' dir='ltr'><strong>iic-</strong></span> <span class='ocrx_word' id='word_1_578' title='bbox 1055 3808 1067 3836; x_wconf 76' lang='lat'>0</span> <span class='ocrx_word' id='word_1_579' title='bbox 1087 3796 1182 3852; x_wconf 87' lang='lat' dir='ltr'><strong>Sermo</strong></span> <span class='ocrx_word' id='word_1_580' title='bbox 1197 3807 1238 3851; x_wconf 85' lang='lat' dir='ltr'><strong>eet</strong></span> <span class='ocrx_word' id='word_1_581' title='bbox 1255 3796 1288 3851; x_wconf 90' lang='lat' dir='ltr'><strong>de</strong></span> <span class='ocrx_word' id='word_1_582' title='bbox 1301 3742 1424 3854; x_wconf 52' lang='lat' dir='ltr'><strong>achino.</strong></span> <span class='ocrx_word' id='word_1_583' title='bbox 1438 3798 1522 3854; x_wconf 77' lang='lat' dir='ltr'><strong>Vetus</strong></span> <span class='ocrx_word' id='word_1_584' title='bbox 1534 3797 1635 3865; x_wconf 84' lang='lat' dir='ltr'><strong>Codex,</strong></span> <span class='ocrx_word' id='word_1_585' title='bbox 1649 3799 1815 3871; x_wconf 81' lang='lat' dir='ltr'><strong>aliquinum,</strong></span> 
     </span>
     <span class='ocr_line' id='line_1_46' title="bbox 168 3864 1817 3938; baseline 0.004 -17"><span class='ocrx_word' id='word_1_586' title='bbox 168 3864 265 3921; x_wconf 85' lang='lat' dir='ltr'><strong>clesias</strong></span> <span class='ocrx_word' id='word_1_587' title='bbox 276 3880 339 3920; x_wconf 89' lang='lat' dir='ltr'><strong>suas</strong></span> <span class='ocrx_word' id='word_1_588' title='bbox 350 3868 444 3921; x_wconf 88' lang='lat' dir='ltr'><strong>eodem</strong></span> <span class='ocrx_word' id='word_1_589' title='bbox 456 3873 577 3936; x_wconf 84' lang='lat' dir='ltr'><strong>tempore</strong></span> <span class='ocrx_word' id='word_1_590' title='bbox 588 3883 642 3937; x_wconf 84' lang='lat' dir='ltr'><strong>qno</strong></span> <span class='ocrx_word' id='word_1_591' title='bbox 660 3877 737 3923; x_wconf 88' lang='lat' dir='ltr'><strong>erant</strong></span> <span class='ocrx_word' id='word_1_592' title='bbox 748 3869 774 3923; x_wconf 93' lang='lat' dir='ltr'><strong>in</strong></span> <span class='ocrx_word' id='word_1_593' title='bbox 788 3868 898 3937; x_wconf 91' lang='lat' dir='ltr'><strong>palatio.</strong></span> <span class='ocrx_word' id='word_1_594' title='bbox 917 3867 967 3923; x_wconf 86' lang='lat' dir='ltr'><strong>Pc-</strong></span> <span class='ocrx_word' id='word_1_595' title='bbox 987 3910 991 3914; x_wconf 90' lang='lat'><strong>.</strong></span> <span class='ocrx_word' id='word_1_596' title='bbox 1016 3882 1066 3937; x_wconf 93' lang='lat' dir='ltr'><strong>pro</strong></span> <span class='ocrx_word' id='word_1_597' title='bbox 1080 3865 1231 3938; x_wconf 69' lang='lat' dir='ltr'><strong>albuinum.</strong></span> <span class='ocrx_word' id='word_1_598' title='bbox 1246 3866 1448 3922; x_wconf 84' lang='lat' dir='ltr'><strong>Testamentum</strong></span> <span class='ocrx_word' id='word_1_599' title='bbox 1467 3869 1580 3923; x_wconf 85' lang='lat' dir='ltr'><strong>Errardi</strong></span> <span class='ocrx_word' id='word_1_600' title='bbox 1591 3870 1707 3933; x_wconf 83' lang='lat' dir='ltr'><strong>coniitia,</strong></span> <span class='ocrx_word' id='word_1_601' title='bbox 1721 3871 1747 3925; x_wconf 92' lang='lat' dir='ltr'><strong>in</strong></span> <span class='ocrx_word' id='word_1_602' title='bbox 1762 3871 1817 3927; x_wconf 88' lang='lat' dir='ltr'><strong>Go-</strong></span> 
     </span>
     <span class='ocr_line' id='line_1_47' title="bbox 168 3935 1812 4011; baseline 0.004 -21"><span class='ocrx_word' id='word_1_603' title='bbox 168 3935 433 4007; x_wconf 87' lang='lat' dir='ltr'><strong>t‘rtcrgoaPippino</strong></span> <span class='ocrx_word' id='word_1_604' title='bbox 444 3945 474 3990; x_wconf 94' lang='lat' dir='ltr'><strong>ut</strong></span> <span class='ocrx_word' id='word_1_605' title='bbox 488 3939 561 3992; x_wconf 89' lang='lat' dir='ltr'><strong>adse</strong></span> <span class='ocrx_word' id='word_1_606' title='bbox 577 3939 710 3993; x_wconf 86' lang='lat' dir='ltr'><strong>rescribat</strong></span> <span class='ocrx_word' id='word_1_607' title='bbox 730 3939 794 4008; x_wconf 79' lang='lat' dir='ltr'><strong>qrtirl</strong></span> <span class='ocrx_word' id='word_1_608' title='bbox 807 3939 888 3993; x_wconf 89' lang='lat' dir='ltr'><strong>statui</strong></span> <span class='ocrx_word' id='word_1_609' title='bbox 901 3939 966 3994; x_wconf 83' lang='lat' dir='ltr'><strong>velit</strong></span> <span class='ocrx_word' id='word_1_610' title='bbox 1017 3937 1076 3992; x_wconf 88' lang='lat' dir='ltr'><strong>dice</strong></span> <span class='ocrx_word' id='word_1_611' title='bbox 1099 3938 1274 3992; x_wconf 87' lang='lat' dir='ltr'><strong>donationum</strong></span> <span class='ocrx_word' id='word_1_612' title='bbox 1318 3937 1407 3992; x_wconf 89' lang='lat' dir='ltr'><strong>iarum</strong></span> <span class='ocrx_word' id='word_1_613' title='bbox 1430 3937 1543 3994; x_wconf 89' lang='lat' dir='ltr'><strong>auberti</strong></span> <span class='ocrx_word' id='word_1_614' title='bbox 1559 3939 1652 4002; x_wconf 75' lang='lat' dir='ltr'><strong>alirei,</strong></span> <span class='ocrx_word' id='word_1_615' title='bbox 1676 3955 1737 4011; x_wconf 85' lang='lat' dir='ltr'><strong>pag.</strong></span> <span class='ocrx_word' id='word_1_616' title='bbox 1755 3941 1812 3997; x_wconf 78' lang='lat'><strong>99:</strong></span> 
     </span>
     <span class='ocr_line' id='line_1_48' title="bbox 168 4005 1815 4080; baseline 0.004 -20"><span class='ocrx_word' id='word_1_617' title='bbox 168 4006 202 4061; x_wconf 91' lang='lat' dir='ltr'><strong>de</strong></span> <span class='ocrx_word' id='word_1_618' title='bbox 223 4007 381 4076; x_wconf 90' lang='lat' dir='ltr'><strong>episcopatu</strong></span> <span class='ocrx_word' id='word_1_619' title='bbox 402 4007 522 4077; x_wconf 86' lang='lat' dir='ltr'><strong>ejusdem</strong></span> <span class='ocrx_word' id='word_1_620' title='bbox 541 4007 650 4080; x_wconf 86' lang='lat' dir='ltr'><strong>Georgii</strong></span> <span class='ocrx_word' id='word_1_621' title='bbox 664 4017 692 4063; x_wconf 90' lang='lat' dir='ltr'><strong>et</strong></span> <span class='ocrx_word' id='word_1_622' title='bbox 708 4008 742 4065; x_wconf 88' lang='lat' dir='ltr'><strong>de</strong></span> <span class='ocrx_word' id='word_1_623' title='bbox 757 4008 880 4064; x_wconf 86' lang='lat' dir='ltr'><strong>Ecclesia</strong></span> <span class='ocrx_word' id='word_1_624' title='bbox 905 4024 966 4078; x_wconf 79' lang='lat' dir='ltr'><strong>qum</strong></span> <span class='ocrx_word' id='word_1_625' title='bbox 1016 4006 1123 4060; x_wconf 81' lang='lat' dir='ltr'><strong>Librum</strong></span> <span class='ocrx_word' id='word_1_626' title='bbox 1150 4006 1257 4078; x_wconf 74' lang='lat' dir='ltr'><strong>alquini</strong></span> <span class='ocrx_word' id='word_1_627' title='bbox 1334 4005 1474 4063; x_wconf 84' lang='lat' dir='ltr'><strong>Widonem</strong></span> <span class='ocrx_word' id='word_1_628' title='bbox 1493 4011 1624 4064; x_wconf 85' lang='lat' dir='ltr'><strong>comitem.</strong></span> <span class='ocrx_word' id='word_1_629' title='bbox 1653 4009 1815 4067; x_wconf 85' lang='lat' dir='ltr'><strong>alieuinunr</strong></span> 
     </span>
     <span class='ocr_line' id='line_1_49' title="bbox 167 4072 1816 4151; baseline 0.005 -22"><span class='ocrx_word' id='word_1_630' title='bbox 167 4074 247 4133; x_wconf 86' lang='lat' dir='ltr'><strong>Petro</strong></span> <span class='ocrx_word' id='word_1_631' title='bbox 265 4079 409 4132; x_wconf 90' lang='lat' dir='ltr'><strong>commissa</strong></span> <span class='ocrx_word' id='word_1_632' title='bbox 422 4086 490 4143; x_wconf 88' lang='lat' dir='ltr'><strong>erat,</strong></span> <span class='ocrx_word' id='word_1_633' title='bbox 507 4093 551 4144; x_wconf 90' lang='lat' dir='ltr'><strong>ne,</strong></span> <span class='ocrx_word' id='word_1_634' title='bbox 568 4079 621 4133; x_wconf 88' lang='lat' dir='ltr'><strong>illis</strong></span> <span class='ocrx_word' id='word_1_635' title='bbox 636 4080 744 4144; x_wconf 88' lang='lat' dir='ltr'><strong>amotis,</strong></span> <span class='ocrx_word' id='word_1_636' title='bbox 760 4079 859 4133; x_wconf 88' lang='lat' dir='ltr'><strong>damna</strong></span> <span class='ocrx_word' id='word_1_637' title='bbox 879 4087 907 4134; x_wconf 90' lang='grc' dir='ltr'><strong>ει</strong></span> <span class='ocrx_word' id='word_1_638' title='bbox 919 4081 966 4135; x_wconf 83' lang='lat' dir='ltr'><strong>tle-</strong></span> <span class='ocrx_word' id='word_1_639' title='bbox 1016 4077 1098 4131; x_wconf 89' lang='lat' dir='ltr'><strong>etiam</strong></span> <span class='ocrx_word' id='word_1_640' title='bbox 1112 4086 1190 4132; x_wconf 81' lang='lat' dir='ltr'><strong>vocat</strong></span> <span class='ocrx_word' id='word_1_641' title='bbox 1205 4075 1361 4131; x_wconf 89' lang='lat' dir='ltr'><strong>Thiolridus</strong></span> <span class='ocrx_word' id='word_1_642' title='bbox 1380 4079 1464 4133; x_wconf 90' lang='lat' dir='ltr'><strong>abbas</strong></span> <span class='ocrx_word' id='word_1_643' title='bbox 1477 4072 1688 4143; x_wconf 81' lang='lat' dir='ltr'><strong>Eaernaccnsis,</strong></span> <span class='ocrx_word' id='word_1_644' title='bbox 1701 4081 1727 4134; x_wconf 94' lang='lat' dir='ltr'><strong>in</strong></span> <span class='ocrx_word' id='word_1_645' title='bbox 1748 4095 1816 4151; x_wconf 90' lang='lat' dir='ltr'><strong>pro-</strong></span> 
     </span>
     <span class='ocr_line' id='line_1_50' title="bbox 168 4145 1817 4220; baseline 0.004 -20"><span class='ocrx_word' id='word_1_646' title='bbox 168 4145 295 4200; x_wconf 89' lang='lat' dir='ltr'><strong>trimenta</strong></span> <span class='ocrx_word' id='word_1_647' title='bbox 318 4147 458 4217; x_wconf 90' lang='lat' dir='ltr'><strong>patiantur</strong></span> <span class='ocrx_word' id='word_1_648' title='bbox 484 4163 531 4217; x_wconf 91' lang='lat' dir='ltr'><strong>per</strong></span> <span class='ocrx_word' id='word_1_649' title='bbox 550 4148 699 4203; x_wconf 90' lang='lat' dir='ltr'><strong>absentiam</strong></span> <span class='ocrx_word' id='word_1_650' title='bbox 728 4157 875 4204; x_wconf 90' lang='lat' dir='ltr'><strong>rectorum.</strong></span> <span class='ocrx_word' id='word_1_651' title='bbox 900 4149 965 4220; x_wconf 88' lang='lat' dir='ltr'><strong>Legi</strong></span> <span class='ocrx_word' id='word_1_652' title='bbox 1015 4146 1076 4217; x_wconf 87' lang='lat' dir='ltr'><strong>logo</strong></span> <span class='ocrx_word' id='word_1_653' title='bbox 1095 4146 1232 4202; x_wconf 70' lang='lat' dir='ltr'><strong>advitam</strong></span> <span class='ocrx_word' id='word_1_654' title='bbox 1248 4147 1334 4201; x_wconf 91' lang='lat' dir='ltr'><strong>sancti</strong></span> <span class='ocrx_word' id='word_1_655' title='bbox 1350 4146 1526 4212; x_wconf 90' lang='lat' dir='ltr'><strong>Willibrordi,</strong></span> <span class='ocrx_word' id='word_1_656' title='bbox 1540 4156 1571 4203; x_wconf 93' lang='lat' dir='ltr'><strong>ut</strong></span> <span class='ocrx_word' id='word_1_657' title='bbox 1593 4158 1710 4204; x_wconf 79' lang='lat' dir='ltr'><strong>testatur</strong></span> <span class='ocrx_word' id='word_1_658' title='bbox 1730 4149 1817 4206; x_wconf 84' lang='lat' dir='ltr'><strong>loan-</strong></span> 
     </span>
     <span class='ocr_line' id='line_1_51' title="bbox 167 4215 1815 4289; baseline 0.004 -20"><span class='ocrx_word' id='word_1_659' title='bbox 167 4216 241 4271; x_wconf 86' lang='lat' dir='ltr'><strong>cnim</strong></span> <span class='ocrx_word' id='word_1_660' title='bbox 260 4216 316 4272; x_wconf 93' lang='lat' dir='ltr'><strong>illic</strong></span> <span class='ocrx_word' id='word_1_661' title='bbox 333 4226 398 4287; x_wconf 91' lang='lat' dir='ltr'><strong>puto</strong></span> <span class='ocrx_word' id='word_1_662' title='bbox 411 4218 509 4273; x_wconf 91' lang='lat' dir='ltr'><strong>debere</strong></span> <span class='ocrx_word' id='word_1_663' title='bbox 523 4219 617 4271; x_wconf 81' lang='lat' dir='ltr'><strong>amotis</strong></span> <span class='ocrx_word' id='word_1_664' title='bbox 640 4234 690 4288; x_wconf 91' lang='lat' dir='ltr'><strong>pro</strong></span> <span class='ocrx_word' id='word_1_665' title='bbox 709 4220 827 4289; x_wconf 90' lang='lat' dir='ltr'><strong>eoquod</strong></span> <span class='ocrx_word' id='word_1_666' title='bbox 849 4219 965 4289; x_wconf 70' lang='lat' dir='ltr'><strong>vulgatae</strong></span> <span class='ocrx_word' id='word_1_667' title='bbox 1014 4230 1063 4271; x_wconf 90' lang='lat' dir='ltr'><strong>nes</strong></span> <span class='ocrx_word' id='word_1_668' title='bbox 1076 4215 1196 4282; x_wconf 85' lang='lat' dir='ltr'><strong>lioberti,</strong></span> <span class='ocrx_word' id='word_1_669' title='bbox 1209 4218 1317 4271; x_wconf 91' lang='lat' dir='ltr'><strong>innotis</strong></span> <span class='ocrx_word' id='word_1_670' title='bbox 1337 4217 1370 4272; x_wconf 91' lang='lat' dir='ltr'><strong>ad</strong></span> <span class='ocrx_word' id='word_1_671' title='bbox 1379 4218 1514 4288; x_wconf 87' lang='lat' dir='ltr'><strong>epitaphia</strong></span> <span class='ocrx_word' id='word_1_672' title='bbox 1525 4218 1646 4287; x_wconf 86' lang='lat' dir='ltr'><strong>ejusdem</strong></span> <span class='ocrx_word' id='word_1_673' title='bbox 1659 4218 1815 4288; x_wconf 87' lang='lat' dir='ltr'><strong>Tbiolridi,</strong></span> 
     </span>
     <span class='ocr_line' id='line_1_52' title="bbox 151 4285 1815 4358; baseline 0.005 -20"><span class='ocrx_word' id='word_1_674' title='bbox 151 4319 153 4323; x_wconf 91' lang='lat'><em>-</em></span> <span class='ocrx_word' id='word_1_675' title='bbox 167 4285 305 4342; x_wconf 74' lang='lat' dir='ltr'><strong>alditiones</strong></span> <span class='ocrx_word' id='word_1_676' title='bbox 318 4288 419 4342; x_wconf 88' lang='lat' dir='ltr'><strong>babent</strong></span> <span class='ocrx_word' id='word_1_677' title='bbox 431 4287 583 4341; x_wconf 77' lang='lat' dir='ltr'><strong>admonitis.</strong></span> <span class='ocrx_word' id='word_1_678' title='bbox 595 4287 690 4354; x_wconf 92' lang='lat' dir='ltr'><strong>Porro,</strong></span> <span class='ocrx_word' id='word_1_679' title='bbox 707 4298 806 4358; x_wconf 76' lang='lat' dir='ltr'><strong>praeter</strong></span> <span class='ocrx_word' id='word_1_680' title='bbox 819 4289 964 4344; x_wconf 85' lang='lat' dir='ltr'><strong>auctorita·</strong></span> <span class='ocrx_word' id='word_1_681' title='bbox 1014 4300 1078 4358; x_wconf 92' lang='lat' dir='ltr'><strong>pag.</strong></span> <span class='ocrx_word' id='word_1_682' title='bbox 1098 4286 1142 4342; x_wconf 84' lang='lat' dir='ltr'><strong>tl.</strong></span> <span class='ocrx_word' id='word_1_683' title='bbox 1158 4287 1277 4342; x_wconf 85' lang='lat' dir='ltr'><strong>Annales</strong></span> <span class='ocrx_word' id='word_1_684' title='bbox 1287 4287 1455 4343; x_wconf 71' lang='lat' dir='ltr'><strong>anianenses</strong></span> <span class='ocrx_word' id='word_1_685' title='bbox 1469 4289 1496 4343; x_wconf 93' lang='lat' dir='ltr'><strong>in</strong></span> <span class='ocrx_word' id='word_1_686' title='bbox 1509 4290 1593 4344; x_wconf 82' lang='lat' dir='ltr'><strong>veteri</strong></span> <span class='ocrx_word' id='word_1_687' title='bbox 1603 4289 1703 4345; x_wconf 86' lang='lat' dir='ltr'><strong>Codice</strong></span> <span class='ocrx_word' id='word_1_688' title='bbox 1716 4299 1815 4347; x_wconf 92' lang='lat' dir='ltr'><strong>nostro</strong></span> 
     </span>
     <span class='ocr_line' id='line_1_53' title="bbox 168 4355 1817 4439; baseline 0.005 -31"><span class='ocrx_word' id='word_1_689' title='bbox 168 4362 222 4409; x_wconf 90' lang='lat' dir='ltr'><strong>tem</strong></span> <span class='ocrx_word' id='word_1_690' title='bbox 236 4355 349 4410; x_wconf 83' lang='lat' dir='ltr'><strong>Romani</strong></span> <span class='ocrx_word' id='word_1_691' title='bbox 364 4358 506 4425; x_wconf 87' lang='lat' dir='ltr'><strong>pontilicis,</strong></span> <span class='ocrx_word' id='word_1_692' title='bbox 522 4358 813 4428; x_wconf 83' lang='lat' dir='ltr'><strong>necessariasquoque</strong></span> <span class='ocrx_word' id='word_1_693' title='bbox 829 4367 888 4413; x_wconf 89' lang='lat' dir='ltr'><strong>erat</strong></span> <span class='ocrx_word' id='word_1_694' title='bbox 906 4359 963 4428; x_wconf 90' lang='lat' dir='ltr'><strong>epi·</strong></span> <span class='ocrx_word' id='word_1_695' title='bbox 1015 4372 1066 4411; x_wconf 83' lang='lat' dir='ltr'><strong>ms</strong></span> <span class='ocrx_word' id='word_1_696' title='bbox 1090 4369 1097 4410; x_wconf 93' lang='lat'><strong>:</strong></span> <span class='ocrx_word' id='word_1_697' title='bbox 1122 4356 1236 4423; x_wconf 82' lang='lat' dir='ltr'><strong>«Quem</strong></span> <span class='ocrx_word' id='word_1_698' title='bbox 1259 4356 1416 4439; x_wconf 71' lang='lat' dir='ltr'><strong>librum1id</strong></span> <span class='ocrx_word' id='word_1_699' title='bbox 1441 4366 1502 4423; x_wconf 91' lang='lat' dir='ltr'><strong>cst,</strong></span> <span class='ocrx_word' id='word_1_700' title='bbox 1526 4367 1629 4414; x_wconf 80' lang='lat' dir='ltr'><strong>textum</strong></span> <span class='ocrx_word' id='word_1_701' title='bbox 1654 4358 1817 4430; x_wconf 73' lang='lat' dir='ltr'><strong>Evangelio-</strong></span> 
     </span>
    </p>
   </div>
   <div class='ocr_carea' id='block_1_7' title="bbox 168 4399 1815 4568">
    <p class='ocr_par' dir='ltr' id='par_1_10' title="bbox 168 4399 1815 4568">
     <span class='ocr_line' id='line_1_54' title="bbox 168 4399 1815 4551; baseline 0.004 -73"><span class='ocrx_word' id='word_1_702' title='bbox 168 4438 310 4493; x_wconf 85' lang='lat' dir='ltr'><strong>scopornm</strong></span> <span class='ocrx_word' id='word_1_703' title='bbox 329 4426 385 4480; x_wconf 82' lang='lat' dir='ltr'><strong>sire</strong></span> <span class='ocrx_word' id='word_1_704' title='bbox 396 4427 574 4482; x_wconf 90' lang='lat' dir='ltr'><strong>conciliorum</strong></span> <span class='ocrx_word' id='word_1_705' title='bbox 595 4427 795 4483; x_wconf 89' lang='lat' dir='ltr'><strong>Gallicanorum</strong></span> <span class='ocrx_word' id='word_1_706' title='bbox 813 4443 961 4482; x_wconf 86' lang='lat' dir='ltr'><strong>consensus</strong></span> <span class='ocrx_word' id='word_1_707' title='bbox 977 4399 1086 4497; x_wconf 60' lang='lat' dir='ltr'><strong>1&#39;rumy</strong></span> <span class='ocrx_word' id='word_1_708' title='bbox 1098 4425 1218 4495; x_wconf 85' lang='lat' dir='ltr'><strong>ejusdem</strong></span> <span class='ocrx_word' id='word_1_709' title='bbox 1241 4443 1312 4551; x_wconf 56' lang='grc' dir='ltr'><strong>ιεῖε</strong></span> <span class='ocrx_word' id='word_1_710' title='bbox 1329 4429 1458 4496; x_wconf 88' lang='lat' dir='ltr'><strong>magister</strong></span> <span class='ocrx_word' id='word_1_711' title='bbox 1478 4436 1506 4482; x_wconf 89' lang='lat' dir='ltr'><strong>et</strong></span> <span class='ocrx_word' id='word_1_712' title='bbox 1524 4427 1677 4485; x_wconf 89' lang='lat' dir='ltr'><strong>didascalus</strong></span> <span class='ocrx_word' id='word_1_713' title='bbox 1701 4431 1815 4500; x_wconf 87' lang='lat' dir='ltr'><strong>propria</strong></span> 
     </span>
     <span class='ocr_line' id='line_1_55' title="bbox 168 4494 1719 4568; baseline 0.003 -21"><span class='ocrx_word' id='word_1_714' title='bbox 168 4502 197 4547; x_wconf 91' lang='lat' dir='ltr'><strong>nt</strong></span> <span class='ocrx_word' id='word_1_715' title='bbox 210 4495 327 4565; x_wconf 86' lang='lat' dir='ltr'><strong>episcopi</strong></span> <span class='ocrx_word' id='word_1_716' title='bbox 335 4504 363 4550; x_wconf 89' lang='lat' dir='ltr'><strong>et</strong></span> <span class='ocrx_word' id='word_1_717' title='bbox 376 4495 529 4568; x_wconf 91' lang='lat' dir='ltr'><strong>presbyteri</strong></span> <span class='ocrx_word' id='word_1_718' title='bbox 551 4494 709 4552; x_wconf 87' lang='lat' dir='ltr'><strong>laenitatem</strong></span> <span class='ocrx_word' id='word_1_719' title='bbox 734 4496 866 4552; x_wconf 89' lang='lat' dir='ltr'><strong>haberent</strong></span> <span class='ocrx_word' id='word_1_720' title='bbox 887 4512 961 4553; x_wconf 88' lang='lat' dir='ltr'><strong>com-</strong></span> <span class='ocrx_word' id='word_1_721' title='bbox 1014 4512 1097 4551; x_wconf 90' lang='lat' dir='ltr'><strong>manu</strong></span> <span class='ocrx_word' id='word_1_722' title='bbox 1109 4498 1252 4567; x_wconf 88' lang='lat' dir='ltr'><strong>descripsit</strong></span> <span class='ocrx_word' id='word_1_723' title='bbox 1297 4498 1422 4562; x_wconf 92' lang='lat' dir='ltr'><strong>licuinus,</strong></span> <span class='ocrx_word' id='word_1_724' title='bbox 1441 4499 1488 4568; x_wconf 85' lang='lat' dir='ltr'><strong>qni</strong></span> <span class='ocrx_word' id='word_1_725' title='bbox 1502 4507 1529 4554; x_wconf 88' lang='lat' dir='ltr'><strong>et</strong></span> <span class='ocrx_word' id='word_1_726' title='bbox 1543 4498 1665 4554; x_wconf 89' lang='lat' dir='ltr'><strong>albinus.</strong></span> <span class='ocrx_word' id='word_1_727' title='bbox 1680 4500 1719 4554; x_wconf 90' lang='lat' dir='ltr'><strong>ln.</strong></span> 
     </span>
    </p>
   </div>
   <div class='ocr_carea' id='block_1_8' title="bbox 179 4655 1809 4840">
    <p class='ocr_par' dir='ltr' id='par_1_11' title="bbox 179 4655 1809 4840">
     <span class='ocr_line' id='line_1_56' title="bbox 179 4655 1809 4694; baseline 0.01 -24"><span class='ocrx_word' id='word_1_728' title='bbox 179 4655 1809 4694; x_wconf 52' lang='lat'><strong>---—-÷—---.—.---.—-....—..,</strong></span> 
     </span>
     <span class='ocr_line' id='line_1_57' title="bbox 468 4749 1509 4840; baseline 0.009 -28"><span class='ocrx_word' id='word_1_729' title='bbox 468 4749 719 4813; x_wconf 72' lang='lat' dir='ltr'><strong>capitulana</strong></span> <span class='ocrx_word' id='word_1_730' title='bbox 745 4752 979 4814; x_wconf 81' lang='lat' dir='ltr'><strong>saxoblcbll</strong></span> <span class='ocrx_word' id='word_1_731' title='bbox 996 4753 1072 4831; x_wconf 81' lang='lat' dir='ltr'><strong>(aa.</strong></span> <span class='ocrx_word' id='word_1_732' title='bbox 1097 4755 1167 4829; x_wconf 81' lang='lat'><strong>797,</strong></span> <span class='ocrx_word' id='word_1_733' title='bbox 1197 4755 1268 4818; x_wconf 92' lang='lat' dir='ltr'><strong>Ocl.</strong></span> <span class='ocrx_word' id='word_1_734' title='bbox 1294 4756 1345 4831; x_wconf 76' lang='lat'><strong>28,</strong></span> <span class='ocrx_word' id='word_1_735' title='bbox 1369 4759 1509 4840; x_wconf 73' lang='lat' dir='ltr'><strong>Aquis).</strong></span> 
     </span>
    </p>
   </div>
   <div class='ocr_carea' id='block_1_9' title="bbox 851 4915 1121 4934">
    <p class='ocr_par' dir='ltr' id='par_1_12' title="bbox 851 4915 1121 4934">
     <span class='ocr_line' id='line_1_58' title="bbox 851 4915 1121 4934; baseline 0 -3"><span class='ocrx_word' id='word_1_736' title='bbox 851 4915 1121 4934; x_wconf 48' lang='grc' dir='ltr'><em>Ἣ</em></span> 
     </span>
    </p>
   </div>
   <div class='ocr_carea' id='block_1_10' title="bbox 165 5007 1812 5220">
    <p class='ocr_par' dir='ltr' id='par_1_13' title="bbox 165 5007 1812 5220">
     <span class='ocr_line' id='line_1_59' title="bbox 199 5007 1812 5088; baseline 0.01 -25"><span class='ocrx_word' id='word_1_737' title='bbox 199 5007 426 5066; x_wconf 79' lang='lat' dir='ltr'><strong>Corrstitutionem</strong></span> <span class='ocrx_word' id='word_1_738' title='bbox 441 5011 475 5065; x_wconf 91' lang='lat' dir='ltr'><strong>ab</strong></span> <span class='ocrx_word' id='word_1_739' title='bbox 489 5010 630 5067; x_wconf 88' lang='lat' dir='ltr'><strong>llolstenio</strong></span> <span class='ocrx_word' id='word_1_740' title='bbox 646 5027 679 5066; x_wconf 84' lang='grc' dir='ltr'><strong>ει</strong></span> <span class='ocrx_word' id='word_1_741' title='bbox 692 5011 791 5067; x_wconf 76' lang='lat' dir='ltr'><strong>Codice</strong></span> <span class='ocrx_word' id='word_1_742' title='bbox 813 5013 935 5070; x_wconf 85' lang='lat' dir='ltr'><strong>llomano</strong></span> <span class='ocrx_word' id='word_1_743' title='bbox 949 5011 1050 5083; x_wconf 84' lang='lat' dir='ltr'><strong>publici</strong></span> <span class='ocrx_word' id='word_1_744' title='bbox 1061 5012 1131 5083; x_wconf 84' lang='lat' dir='ltr'><strong>juris</strong></span> <span class='ocrx_word' id='word_1_745' title='bbox 1144 5013 1243 5070; x_wconf 84' lang='lat' dir='ltr'><strong>laetam</strong></span> <span class='ocrx_word' id='word_1_746' title='bbox 1264 5031 1327 5085; x_wconf 90' lang='lat' dir='ltr'><strong>ope,</strong></span> <span class='ocrx_word' id='word_1_747' title='bbox 1342 5017 1367 5070; x_wconf 93' lang='lat' dir='ltr'><strong>l.</strong></span> <span class='ocrx_word' id='word_1_748' title='bbox 1382 5017 1489 5073; x_wconf 90' lang='lat' dir='ltr'><strong>Codicis</strong></span> <span class='ocrx_word' id='word_1_749' title='bbox 1500 5017 1630 5088; x_wconf 79' lang='lat' dir='ltr'><strong>ejusdem,</strong></span> <span class='ocrx_word' id='word_1_750' title='bbox 1643 5021 1715 5076; x_wconf 89' lang='lat' dir='ltr'><strong>inter</strong></span> <span class='ocrx_word' id='word_1_751' title='bbox 1729 5022 1812 5081; x_wconf 85' lang='lat' dir='ltr'><strong>Pala-</strong></span> 
     </span>
     <span class='ocr_line' id='line_1_60' title="bbox 165 5078 1812 5220; baseline 0.011 -87"><span class='ocrx_word' id='word_1_752' title='bbox 165 5078 315 5220; x_wconf 49' lang='lat' dir='ltr'><strong>afflggrffli&#39;</strong></span> <span class='ocrx_word' id='word_1_753' title='bbox 329 5080 470 5207; x_wconf 49' lang='grc' dir='ltr'><strong>Συιὲίεζθιιδιῗί</strong></span> <span class='ocrx_word' id='word_1_754' title='bbox 473 5097 512 5205; x_wconf 45' lang='grc' dir='ltr'><strong>ιιιιΙι</strong></span> <span class='ocrx_word' id='word_1_755' title='bbox 516 5080 585 5205; x_wconf 39' lang='grc' dir='ltr'><strong>1Ξ89,</strong></span> <span class='ocrx_word' id='word_1_756' title='bbox 598 5080 687 5137; x_wconf 88' lang='lat' dir='ltr'><strong>in-lol.</strong></span> <span class='ocrx_word' id='word_1_757' title='bbox 698 5081 789 5149; x_wconf 60' lang='lat' dir='ltr'><strong>barba,</strong></span> <span class='ocrx_word' id='word_1_758' title='bbox 804 5093 945 5140; x_wconf 77' lang='lat' dir='ltr'><strong>sarc.1xet</strong></span> <span class='ocrx_word' id='word_1_759' title='bbox 969 5083 996 5138; x_wconf 63' lang='grc' dir='ltr'><strong>ι.</strong></span> <span class='ocrx_word' id='word_1_760' title='bbox 1019 5082 1127 5141; x_wconf 87' lang='lat' dir='ltr'><strong>Codicis</strong></span> <span class='ocrx_word' id='word_1_761' title='bbox 1143 5083 1361 5142; x_wconf 79' lang='lat' dir='ltr'><strong>Godreiensism.</strong></span> <span class='ocrx_word' id='word_1_762' title='bbox 1376 5102 1438 5142; x_wconf 79' lang='lat' dir='ltr'><strong>suc.</strong></span> <span class='ocrx_word' id='word_1_763' title='bbox 1461 5105 1497 5153; x_wconf 83' lang='lat' dir='ltr'><strong>rx,</strong></span> <span class='ocrx_word' id='word_1_764' title='bbox 1525 5089 1566 5144; x_wconf 81' lang='lat' dir='ltr'><strong>rel</strong></span> <span class='ocrx_word' id='word_1_765' title='bbox 1581 5104 1615 5154; x_wconf 82' lang='lat' dir='ltr'><strong>x,</strong></span> <span class='ocrx_word' id='word_1_766' title='bbox 1637 5107 1699 5163; x_wconf 89' lang='lat' dir='ltr'><strong>pag.</strong></span> <span class='ocrx_word' id='word_1_767' title='bbox 1713 5092 1812 5163; x_wconf 72' lang='lat' dir='ltr'><strong>att-55,</strong></span> 
     </span>
    </p>
   </div>
   <div class='ocr_carea' id='block_1_11' title="bbox 171 5281 1805 5546">
    <p class='ocr_par' dir='ltr' id='par_1_14' title="bbox 171 5281 1805 5546">
     <span class='ocr_line' id='line_1_61' title="bbox 209 5281 1805 5363; baseline 0.008 -27"><span class='ocrx_word' id='word_1_768' title='bbox 209 5281 289 5336; x_wconf 91' lang='lat' dir='ltr'><strong>anno</strong></span> <span class='ocrx_word' id='word_1_769' title='bbox 303 5281 337 5336; x_wconf 90' lang='lat' dir='ltr'><strong>ab</strong></span> <span class='ocrx_word' id='word_1_770' title='bbox 354 5282 543 5338; x_wconf 86' lang='lat' dir='ltr'><strong>incarnatione</strong></span> <span class='ocrx_word' id='word_1_771' title='bbox 561 5282 666 5337; x_wconf 90' lang='lat' dir='ltr'><strong>domiui</strong></span> <span class='ocrx_word' id='word_1_772' title='bbox 693 5284 781 5338; x_wconf 86' lang='lat' dir='ltr'><strong>nostri</strong></span> <span class='ocrx_word' id='word_1_773' title='bbox 796 5283 855 5337; x_wconf 85' lang='lat' dir='ltr'><strong>lesu</strong></span> <span class='ocrx_word' id='word_1_774' title='bbox 872 5281 955 5339; x_wconf 77' lang='lat' dir='ltr'><strong>Glari·</strong></span> <span class='ocrx_word' id='word_1_775' title='bbox 1010 5288 1223 5359; x_wconf 82' lang='lat' dir='ltr'><strong>aquispalatio¹</strong></span> <span class='ocrx_word' id='word_1_776' title='bbox 1234 5289 1805 5363; x_wconf 77' lang='lat' dir='ltr'><strong>incinsobscqniovenerabilibusepiero-</strong></span> 
     </span>
     <span class='ocr_line' id='line_1_62' title="bbox 171 5374 1800 5449; baseline 0.008 -20"><span class='ocrx_word' id='word_1_777' title='bbox 171 5374 206 5429; x_wconf 83' lang='lat' dir='ltr'><strong>sti</strong></span> <span class='ocrx_word' id='word_1_778' title='bbox 225 5375 287 5431; x_wconf 78' lang='lat' dir='ltr'><strong>tut·</strong></span> <span class='ocrx_word' id='word_1_779' title='bbox 301 5378 321 5437; x_wconf 78' lang='lat'><strong>¹,</strong></span> <span class='ocrx_word' id='word_1_780' title='bbox 338 5385 366 5430; x_wconf 92' lang='lat' dir='ltr'><strong>et</strong></span> <span class='ocrx_word' id='word_1_781' title='bbox 382 5378 430 5430; x_wconf 79' lang='lat'><strong>30⁰</strong></span> <span class='ocrx_word' id='word_1_782' title='bbox 448 5391 480 5431; x_wconf 88' lang='lat' dir='ltr'><strong>ac</strong></span> <span class='ocrx_word' id='word_1_783' title='bbox 493 5376 540 5431; x_wconf 71' lang='lat' dir='ltr'><strong>aa·</strong></span> <span class='ocrx_word' id='word_1_784' title='bbox 555 5380 576 5442; x_wconf 85' lang='lat'><strong>¹,</strong></span> <span class='ocrx_word' id='word_1_785' title='bbox 592 5387 725 5448; x_wconf 88' lang='lat' dir='ltr'><strong>regnante</strong></span> <span class='ocrx_word' id='word_1_786' title='bbox 742 5380 846 5432; x_wconf 89' lang='lat' dir='ltr'><strong>domno</strong></span> <span class='ocrx_word' id='word_1_787' title='bbox 858 5376 957 5434; x_wconf 90' lang='lat' dir='ltr'><strong>Carolo</strong></span> <span class='ocrx_word' id='word_1_788' title='bbox 1010 5379 1054 5449; x_wconf 85' lang='lat' dir='ltr'><strong>pis</strong></span> <span class='ocrx_word' id='word_1_789' title='bbox 1067 5389 1094 5434; x_wconf 91' lang='lat' dir='ltr'><strong>ct</strong></span> <span class='ocrx_word' id='word_1_790' title='bbox 1106 5381 1263 5444; x_wconf 89' lang='lat' dir='ltr'><strong>abbatibus,</strong></span> <span class='ocrx_word' id='word_1_791' title='bbox 1276 5398 1323 5437; x_wconf 86' lang='lat' dir='ltr'><strong>seu</strong></span> <span class='ocrx_word' id='word_1_792' title='bbox 1336 5383 1461 5438; x_wconf 87' lang='lat' dir='ltr'><strong>inlustris</strong></span> <span class='ocrx_word' id='word_1_793' title='bbox 1474 5383 1800 5447; x_wconf 79' lang='lat' dir='ltr'><strong>viriaconritibus,5.lla·</strong></span> 
     </span>
     <span class='ocr_line' id='line_1_63' title="bbox 174 5468 1801 5546; baseline 0.009 -26"><span class='ocrx_word' id='word_1_794' title='bbox 174 5468 433 5536; x_wconf 86' lang='lat' dir='ltr'><strong>praecellentissimo</strong></span> <span class='ocrx_word' id='word_1_795' title='bbox 460 5485 541 5541; x_wconf 88' lang='lat' dir='ltr'><strong>rege,</strong></span> <span class='ocrx_word' id='word_1_796' title='bbox 570 5468 798 5525; x_wconf 83' lang='lat' dir='ltr'><strong>convenientibus</strong></span> <span class='ocrx_word' id='word_1_797' title='bbox 820 5468 847 5523; x_wconf 90' lang='lat' dir='ltr'><strong>in</strong></span> <span class='ocrx_word' id='word_1_798' title='bbox 872 5485 957 5524; x_wconf 91' lang='lat' dir='ltr'><strong>unum</strong></span> <span class='ocrx_word' id='word_1_799' title='bbox 1012 5469 1106 5526; x_wconf 81' lang='lat' dir='ltr'><strong>lendes</strong></span> <span class='ocrx_word' id='word_1_800' title='bbox 1116 5471 1290 5540; x_wconf 83' lang='lat' dir='ltr'><strong>Novembris,</strong></span> <span class='ocrx_word' id='word_1_801' title='bbox 1306 5474 1443 5546; x_wconf 86' lang='lat' dir='ltr'><strong>simulque</strong></span> <span class='ocrx_word' id='word_1_802' title='bbox 1457 5475 1629 5546; x_wconf 87' lang='lat' dir='ltr'><strong>congregatis</strong></span> <span class='ocrx_word' id='word_1_803' title='bbox 1641 5476 1801 5535; x_wconf 82' lang='lat' dir='ltr'><strong>saxonibus</strong></span> 
     </span>
    </p>
   </div>
   <div class='ocr_carea' id='block_1_12' title="bbox 770 5604 1191 5668">
    <p class='ocr_par' dir='ltr' id='par_1_15' title="bbox 770 5604 1191 5668">
     <span class='ocr_line' id='line_1_64' title="bbox 770 5604 1191 5668; baseline 0.021 -9"><span class='ocrx_word' id='word_1_804' title='bbox 770 5604 968 5664; x_wconf 75' lang='lat' dir='ltr'><strong>vallantes</strong></span> <span class='ocrx_word' id='word_1_805' title='bbox 988 5606 1191 5668; x_wconf 73' lang='lat' dir='ltr'><strong>Lectiones,</strong></span> 
     </span>
    </p>
   </div>
   <div class='ocr_carea' id='block_1_13' title="bbox 103 5722 953 5803">
    <p class='ocr_par' dir='ltr' id='par_1_16' title="bbox 103 5722 953 5803">
     <span class='ocr_line' id='line_1_65' title="bbox 103 5722 953 5803; baseline 0.012 -23"><span class='ocrx_word' id='word_1_806' title='bbox 103 5722 107 5727; x_wconf 85' lang='lat'>&#39;</span> <span class='ocrx_word' id='word_1_807' title='bbox 209 5727 355 5785; x_wconf 72' lang='lat' dir='ltr'><strong>‘accron</strong></span> <span class='ocrx_word' id='word_1_808' title='bbox 374 5730 403 5786; x_wconf 75' lang='lat'><strong>2.</strong></span> <span class='ocrx_word' id='word_1_809' title='bbox 441 5731 528 5786; x_wconf 73' lang='lat' dir='ltr'><strong>&#39;ran</strong></span> <span class='ocrx_word' id='word_1_810' title='bbox 553 5729 580 5787; x_wconf 70' lang='grc' dir='ltr'><strong>ι.</strong></span> <span class='ocrx_word' id='word_1_811' title='bbox 621 5731 740 5803; x_wconf 77' lang='lat' dir='ltr'><strong>&#39;pilatio</strong></span> <span class='ocrx_word' id='word_1_812' title='bbox 764 5732 790 5788; x_wconf 92' lang='lat' dir='ltr'><strong>l.</strong></span> <span class='ocrx_word' id='word_1_813' title='bbox 817 5733 910 5803; x_wconf 86' lang='lat' dir='ltr'><strong>palatii</strong></span> <span class='ocrx_word' id='word_1_814' title='bbox 925 5736 953 5791; x_wconf 70' lang='grc' dir='ltr'><strong>Ξ.</strong></span> 
     </span>
    </p>
   </div>
   <div class='ocr_carea' id='block_1_14' title="bbox 0 0 1918 6112">
    <p class='ocr_par' dir='ltr' id='par_1_17' title="bbox 0 0 1918 6112">
     <span class='ocr_line' id='line_1_66' title="bbox 0 0 1918 6112; baseline 0 10"><span class='ocrx_word' id='word_1_815' title='bbox 0 0 1918 6112; x_wconf 95' lang='lat' dir='ltr'><strong> </strong></span> 
     </span>
    </p>
   </div>
  </div>
 </body>
</html>
