<?xml version="1.0" encoding="UTF-8"?>
<!DOCTYPE html PUBLIC "-//W3C//DTD XHTML 1.0 Transitional//EN"
    "http://www.w3.org/TR/xhtml1/DTD/xhtml1-transitional.dtd">
<html xmlns="http://www.w3.org/1999/xhtml" xml:lang="en" lang="en">
 <head>
  <title>
</title>
<meta http-equiv="Content-Type" content="text/html;charset=utf-8" />
  <meta name='ocr-system' content='tesseract 3.04.00' />
  <meta name='ocr-capabilities' content='ocr_page ocr_carea ocr_par ocr_line ocrx_word'/>
</head>
<body>
  <div class='ocr_page' id='page_1' title='image "./patrologiaecurs84unkngoog/patrologiaecurs84unkngoog_0173.png"; bbox 0 0 3826 6112; ppageno 0'>
   <div class='ocr_carea' id='block_1_1' title="bbox 132 200 1789 271">
    <p class='ocr_par' dir='ltr' id='par_1_1' title="bbox 132 200 1789 271">
     <span class='ocr_line' id='line_1_1' title="bbox 132 200 1789 271; baseline 0.007 -12"><span class='ocrx_word' id='word_1_1' title='bbox 132 200 195 259; x_wconf 66' lang='lat' dir='ltr'>biit</span> <span class='ocrx_word' id='word_1_2' title='bbox 550 204 580 263; x_wconf 88' lang='lat' dir='ltr'>tt.</span> <span class='ocrx_word' id='word_1_3' title='bbox 600 202 726 263; x_wconf 64' lang='lat' dir='ltr'>(tibuit</span> <span class='ocrx_word' id='word_1_4' title='bbox 746 204 854 263; x_wconf 66' lang='lat' dir='ltr'>nautii</span> <span class='ocrx_word' id='word_1_5' title='bbox 872 206 950 264; x_wconf 72' lang='lat' dir='ltr'>ortt.</span> <span class='ocrx_word' id='word_1_6' title='bbox 969 206 1060 263; x_wconf 81' lang='lat' dir='ltr'>ratis</span> <span class='ocrx_word' id='word_1_7' title='bbox 1077 208 1099 265; x_wconf 89' lang='lat' dir='ltr'>l.</span> <span class='ocrx_word' id='word_1_8' title='bbox 1119 206 1243 266; x_wconf 76' lang='lat' dir='ltr'>sectio</span> <span class='ocrx_word' id='word_1_9' title='bbox 1259 204 1399 271; x_wconf 68' lang='lat' dir='ltr'>built..</span> <span class='ocrx_word' id='word_1_10' title='bbox 1730 212 1789 271; x_wconf 67' lang='lat'>551</span> 
     </span>
    </p>
   </div>
   <div class='ocr_carea' id='block_1_2' title="bbox 129 291 1793 4668">
    <p class='ocr_par' dir='ltr' id='par_1_2' title="bbox 129 291 1793 4668">
     <span class='ocr_line' id='line_1_2' title="bbox 142 291 1780 391; baseline 0.012 -24"><span class='ocrx_word' id='word_1_11' title='bbox 142 320 254 380; x_wconf 65' lang='lat' dir='ltr'>tantun</span> <span class='ocrx_word' id='word_1_12' title='bbox 267 322 358 369; x_wconf 88' lang='lat' dir='ltr'>utrum</span> <span class='ocrx_word' id='word_1_13' title='bbox 371 313 399 371; x_wconf 90' lang='lat' dir='ltr'>in</span> <span class='ocrx_word' id='word_1_14' title='bbox 410 329 443 370; x_wconf 85' lang='lat' dir='ltr'>to</span> <span class='ocrx_word' id='word_1_15' title='bbox 453 314 522 383; x_wconf 82' lang='lat' dir='ltr'>solo,</span> <span class='ocrx_word' id='word_1_16' title='bbox 532 316 604 391; x_wconf 90' lang='lat' dir='ltr'>quud</span> <span class='ocrx_word' id='word_1_17' title='bbox 614 330 689 372; x_wconf 85' lang='lat' dir='ltr'>arma</span> <span class='ocrx_word' id='word_1_18' title='bbox 698 332 756 372; x_wconf 91' lang='lat' dir='ltr'>non</span> <span class='ocrx_word' id='word_1_19' title='bbox 765 326 876 389; x_wconf 88' lang='lat' dir='ltr'>portant</span> <span class='ocrx_word' id='word_1_20' title='bbox 886 332 936 375; x_wconf 90' lang='lat' dir='ltr'>nec</span> <span class='ocrx_word' id='word_1_21' title='bbox 950 326 975 389; x_wconf 67' lang='grc' dir='ltr'><strong>Α</strong></span> <span class='ocrx_word' id='word_1_22' title='bbox 988 317 1061 390; x_wconf 92' lang='lat' dir='ltr'>plum</span> <span class='ocrx_word' id='word_1_23' title='bbox 1073 321 1157 388; x_wconf 88' lang='lat' dir='ltr'>pracb</span> <span class='ocrx_word' id='word_1_24' title='bbox 1175 334 1203 374; x_wconf 92' lang='lat' dir='ltr'>re</span> <span class='ocrx_word' id='word_1_25' title='bbox 1215 319 1322 375; x_wconf 88' lang='lat' dir='ltr'>debent.</span> <span class='ocrx_word' id='word_1_26' title='bbox 1337 318 1387 376; x_wconf 88' lang='lat' dir='ltr'>llic</span> <span class='ocrx_word' id='word_1_27' title='bbox 1397 317 1604 390; x_wconf 71' lang='lat' dir='ltr'>diligentissime</span> <span class='ocrx_word' id='word_1_28' title='bbox 1615 291 1780 385; x_wconf 68' lang='lat' dir='ltr'>consideran</span> 
     </span>
     <span class='ocr_line' id='line_1_3' title="bbox 134 403 1793 487; baseline 0.01 -29"><span class='ocrx_word' id='word_1_29' title='bbox 134 405 250 476; x_wconf 80' lang='lat' dir='ltr'>publice</span> <span class='ocrx_word' id='word_1_30' title='bbox 262 403 398 474; x_wconf 81' lang='lat' dir='ltr'>coniugati</span> <span class='ocrx_word' id='word_1_31' title='bbox 414 413 488 460; x_wconf 91' lang='lat' dir='ltr'>sunt.</span> <span class='ocrx_word' id='word_1_32' title='bbox 991 411 1055 467; x_wconf 91' lang='lat' dir='ltr'>dum</span> <span class='ocrx_word' id='word_1_33' title='bbox 1065 421 1118 479; x_wconf 88' lang='grc' dir='ltr'>ιιι,</span> <span class='ocrx_word' id='word_1_34' title='bbox 1128 421 1156 468; x_wconf 85' lang='grc' dir='ltr'>ιι</span> <span class='ocrx_word' id='word_1_35' title='bbox 1167 413 1322 469; x_wconf 89' lang='lat' dir='ltr'>acutissime</span> <span class='ocrx_word' id='word_1_36' title='bbox 1332 413 1563 485; x_wconf 76' lang='lat' dir='ltr'>distinguendum,</span> <span class='ocrx_word' id='word_1_37' title='bbox 1575 432 1645 487; x_wconf 90' lang='lat' dir='ltr'>quae</span> <span class='ocrx_word' id='word_1_38' title='bbox 1660 419 1793 475; x_wconf 72' lang='lat' dir='ltr'>sectando</span> 
     </span>
     <span class='ocr_line' id='line_1_4' title="bbox 178 496 1792 577; baseline 0.008 -26"><span class='ocrx_word' id='word_1_39' title='bbox 178 496 205 551; x_wconf 83' lang='lat'>5.</span> <span class='ocrx_word' id='word_1_40' title='bbox 227 496 418 567; x_wconf 85' lang='lat' dir='ltr'>inquirendum</span> <span class='ocrx_word' id='word_1_41' title='bbox 433 498 526 563; x_wconf 87' lang='lat' dir='ltr'>ctiam,</span> <span class='ocrx_word' id='word_1_42' title='bbox 544 496 648 553; x_wconf 84' lang='lat' dir='ltr'>sitite·</span> <span class='ocrx_word' id='word_1_43' title='bbox 663 497 783 554; x_wconf 67' lang='lat' dir='ltr'>emulum</span> <span class='ocrx_word' id='word_1_44' title='bbox 800 496 940 555; x_wconf 71' lang='lat' dir='ltr'>admissum</span> <span class='ocrx_word' id='word_1_45' title='bbox 989 503 1032 557; x_wconf 82' lang='lat' dir='ltr'>rol</span> <span class='ocrx_word' id='word_1_46' title='bbox 1047 502 1212 575; x_wconf 76' lang='lat' dir='ltr'>neglegendo</span> <span class='ocrx_word' id='word_1_47' title='bbox 1238 504 1423 574; x_wconf 80' lang='lat' dir='ltr'>unusquisque</span> <span class='ocrx_word' id='word_1_48' title='bbox 1451 514 1574 560; x_wconf 89' lang='lat' dir='ltr'>nostrum</span> <span class='ocrx_word' id='word_1_49' title='bbox 1600 507 1686 577; x_wconf 87' lang='lat' dir='ltr'>ipsam</span> <span class='ocrx_word' id='word_1_50' title='bbox 1712 524 1792 564; x_wconf 86' lang='lat' dir='ltr'>suam</span> 
     </span>
     <span class='ocr_line' id='line_1_5' title="bbox 142 588 1791 671; baseline 0.005 -25"><span class='ocrx_word' id='word_1_51' title='bbox 142 588 251 655; x_wconf 84' lang='lat' dir='ltr'>lrabeat,</span> <span class='ocrx_word' id='word_1_52' title='bbox 268 589 314 660; x_wconf 93' lang='lat' dir='ltr'>qul</span> <span class='ocrx_word' id='word_1_53' title='bbox 327 589 427 644; x_wconf 89' lang='lat' dir='ltr'>cotidie</span> <span class='ocrx_word' id='word_1_54' title='bbox 438 590 623 659; x_wconf 89' lang='lat' dir='ltr'>possessiones</span> <span class='ocrx_word' id='word_1_55' title='bbox 636 605 699 646; x_wconf 87' lang='lat' dir='ltr'>suas</span> <span class='ocrx_word' id='word_1_56' title='bbox 709 605 808 661; x_wconf 76' lang='lat' dir='ltr'>angere</span> <span class='ocrx_word' id='word_1_57' title='bbox 819 592 941 661; x_wconf 88' lang='lat' dir='ltr'>quolibet</span> <span class='ocrx_word' id='word_1_58' title='bbox 989 596 1196 671; x_wconf 89' lang='lat' dir='ltr'>pmmissionem</span> <span class='ocrx_word' id='word_1_59' title='bbox 1209 605 1240 652; x_wconf 92' lang='lat' dir='ltr'>et</span> <span class='ocrx_word' id='word_1_60' title='bbox 1251 597 1516 652; x_wconf 67' lang='lat' dir='ltr'>abrenuntiationem</span> <span class='ocrx_word' id='word_1_61' title='bbox 1531 597 1575 653; x_wconf 89' lang='lat' dir='ltr'>rei</span> <span class='ocrx_word' id='word_1_62' title='bbox 1587 609 1732 655; x_wconf 80' lang='lat' dir='ltr'>conservet</span> <span class='ocrx_word' id='word_1_63' title='bbox 1745 601 1791 655; x_wconf 82' lang='lat' dir='ltr'>rel</span> 
     </span>
     <span class='ocr_line' id='line_1_6' title="bbox 141 676 1793 759; baseline 0.008 -24"><span class='ocrx_word' id='word_1_64' title='bbox 141 681 232 746; x_wconf 88' lang='lat' dir='ltr'>modo,</span> <span class='ocrx_word' id='word_1_65' title='bbox 244 681 364 750; x_wconf 90' lang='lat' dir='ltr'>qualibet</span> <span class='ocrx_word' id='word_1_66' title='bbox 378 688 448 746; x_wconf 88' lang='lat' dir='ltr'>arte,</span> <span class='ocrx_word' id='word_1_67' title='bbox 461 695 517 736; x_wconf 91' lang='lat' dir='ltr'>non</span> <span class='ocrx_word' id='word_1_68' title='bbox 528 688 628 749; x_wconf 88' lang='lat' dir='ltr'>cessat,</span> <span class='ocrx_word' id='word_1_69' title='bbox 643 676 781 738; x_wconf 83' lang='lat' dir='ltr'>suadendo</span> <span class='ocrx_word' id='word_1_70' title='bbox 792 683 826 739; x_wconf 92' lang='lat' dir='ltr'>de</span> <span class='ocrx_word' id='word_1_71' title='bbox 838 684 941 740; x_wconf 87' lang='lat' dir='ltr'>coeles·</span> <span class='ocrx_word' id='word_1_72' title='bbox 992 688 1097 744; x_wconf 86' lang='lat' dir='ltr'>irritam</span> <span class='ocrx_word' id='word_1_73' title='bbox 1122 688 1223 756; x_wconf 86' lang='lat' dir='ltr'>iaciat;</span> <span class='ocrx_word' id='word_1_74' title='bbox 1240 699 1267 744; x_wconf 87' lang='lat' dir='ltr'>et</span> <span class='ocrx_word' id='word_1_75' title='bbox 1285 687 1348 759; x_wconf 89' lang='lat' dir='ltr'>quis</span> <span class='ocrx_word' id='word_1_76' title='bbox 1363 688 1399 744; x_wconf 88' lang='lat' dir='ltr'>sii</span> <span class='ocrx_word' id='word_1_77' title='bbox 1416 688 1461 745; x_wconf 91' lang='lat' dir='ltr'>lile</span> <span class='ocrx_word' id='word_1_78' title='bbox 1479 700 1599 757; x_wconf 86' lang='lat' dir='ltr'>satanas,</span> <span class='ocrx_word' id='word_1_79' title='bbox 1614 692 1672 747; x_wconf 82' lang='lat' dir='ltr'>sire</span> <span class='ocrx_word' id='word_1_80' title='bbox 1691 690 1793 748; x_wconf 85' lang='lat' dir='ltr'>adver-</span> 
     </span>
     <span class='ocr_line' id='line_1_7' title="bbox 137 773 1793 852; baseline 0.006 -24"><span class='ocrx_word' id='word_1_81' title='bbox 137 775 177 830; x_wconf 78' lang='grc' dir='ltr'>ἰιι</span> <span class='ocrx_word' id='word_1_82' title='bbox 193 774 269 845; x_wconf 73' lang='lat' dir='ltr'>regni</span> <span class='ocrx_word' id='word_1_83' title='bbox 281 773 458 839; x_wconf 89' lang='lat' dir='ltr'>beatitudine,</span> <span class='ocrx_word' id='word_1_84' title='bbox 474 775 664 834; x_wconf 86' lang='lat' dir='ltr'>comminando</span> <span class='ocrx_word' id='word_1_85' title='bbox 674 776 707 831; x_wconf 88' lang='lat' dir='ltr'>de</span> <span class='ocrx_word' id='word_1_86' title='bbox 717 784 828 831; x_wconf 87' lang='lat' dir='ltr'>aetemo</span> <span class='ocrx_word' id='word_1_87' title='bbox 838 774 941 847; x_wconf 80' lang='lat' dir='ltr'>suppii-</span> <span class='ocrx_word' id='word_1_88' title='bbox 990 781 1087 848; x_wconf 85' lang='lat' dir='ltr'>sarius,</span> <span class='ocrx_word' id='word_1_89' title='bbox 1101 782 1179 837; x_wconf 90' lang='lat' dir='ltr'>cuius</span> <span class='ocrx_word' id='word_1_90' title='bbox 1189 781 1200 814; x_wconf 82' lang='lat'>⁸</span> <span class='ocrx_word' id='word_1_91' title='bbox 1209 796 1292 852; x_wconf 86' lang='lat' dir='ltr'>opera</span> <span class='ocrx_word' id='word_1_92' title='bbox 1303 781 1347 836; x_wconf 84' lang='lat' dir='ltr'>uel</span> <span class='ocrx_word' id='word_1_93' title='bbox 1356 796 1483 851; x_wconf 85' lang='lat' dir='ltr'>pompam</span> <span class='ocrx_word' id='word_1_94' title='bbox 1497 781 1526 836; x_wconf 89' lang='lat' dir='ltr'>in</span> <span class='ocrx_word' id='word_1_95' title='bbox 1537 781 1674 852; x_wconf 87' lang='lat' dir='ltr'>baptismo</span> <span class='ocrx_word' id='word_1_96' title='bbox 1687 798 1793 838; x_wconf 89' lang='lat' dir='ltr'>renun-</span> 
     </span>
     <span class='ocr_line' id='line_1_8' title="bbox 141 864 1792 945; baseline 0.005 -24"><span class='ocrx_word' id='word_1_97' title='bbox 141 882 184 921; x_wconf 86' lang='lat' dir='ltr'>cro</span> <span class='ocrx_word' id='word_1_98' title='bbox 200 864 309 930; x_wconf 88' lang='lat' dir='ltr'>inierni,</span> <span class='ocrx_word' id='word_1_99' title='bbox 330 873 357 920; x_wconf 88' lang='lat' dir='ltr'>et</span> <span class='ocrx_word' id='word_1_100' title='bbox 371 866 421 921; x_wconf 92' lang='lat' dir='ltr'>sub</span> <span class='ocrx_word' id='word_1_101' title='bbox 434 865 543 922; x_wconf 92' lang='lat' dir='ltr'>nomine</span> <span class='ocrx_word' id='word_1_102' title='bbox 563 866 611 922; x_wconf 78' lang='lat' dir='ltr'>liei</span> <span class='ocrx_word' id='word_1_103' title='bbox 631 873 678 920; x_wconf 90' lang='lat' dir='ltr'>aut</span> <span class='ocrx_word' id='word_1_104' title='bbox 689 866 834 927; x_wconf 88' lang='lat' dir='ltr'>cuiuslibet</span> <span class='ocrx_word' id='word_1_105' title='bbox 852 866 940 927; x_wconf 82' lang='lat' dir='ltr'>saucii</span> <span class='ocrx_word' id='word_1_106' title='bbox 990 873 1131 930; x_wconf 77' lang='lat' dir='ltr'>citavimus.</span> <span class='ocrx_word' id='word_1_107' title='bbox 1144 873 1196 930; x_wconf 88' lang='lat' dir='ltr'>llio</span> <span class='ocrx_word' id='word_1_108' title='bbox 1212 882 1304 929; x_wconf 86' lang='lat' dir='ltr'>autem</span> <span class='ocrx_word' id='word_1_109' title='bbox 1317 874 1536 945; x_wconf 83' lang='lat' dir='ltr'>conspitiendum</span> <span class='ocrx_word' id='word_1_110' title='bbox 1547 883 1601 941; x_wconf 88' lang='lat' dir='ltr'>est,</span> <span class='ocrx_word' id='word_1_111' title='bbox 1614 889 1792 945; x_wconf 82' lang='lat' dir='ltr'>neperrersa</span> 
     </span>
     <span class='ocr_line' id='line_1_9' title="bbox 141 957 1792 1034; baseline 0.005 -22"><span class='ocrx_word' id='word_1_112' title='bbox 141 964 196 1012; x_wconf 89' lang='lat' dir='ltr'>tam</span> <span class='ocrx_word' id='word_1_113' title='bbox 212 957 323 1012; x_wconf 84' lang='lat' dir='ltr'>diuitem</span> <span class='ocrx_word' id='word_1_114' title='bbox 345 973 425 1027; x_wconf 85' lang='lat' dir='ltr'>quam</span> <span class='ocrx_word' id='word_1_115' title='bbox 447 970 605 1026; x_wconf 87' lang='lat' dir='ltr'>pauperem,</span> <span class='ocrx_word' id='word_1_116' title='bbox 629 957 675 1028; x_wconf 90' lang='lat' dir='ltr'>qui</span> <span class='ocrx_word' id='word_1_117' title='bbox 691 957 870 1027; x_wconf 82' lang='lat' dir='ltr'>simpliciores</span> <span class='ocrx_word' id='word_1_118' title='bbox 891 971 940 1012; x_wconf 87' lang='lat' dir='ltr'>na·</span> <span class='ocrx_word' id='word_1_119' title='bbox 989 964 1174 1033; x_wconf 86' lang='lat' dir='ltr'>unusquisqne</span> <span class='ocrx_word' id='word_1_120' title='bbox 1199 962 1332 1029; x_wconf 86' lang='lat' dir='ltr'>iaciendo,</span> <span class='ocrx_word' id='word_1_121' title='bbox 1354 964 1429 1019; x_wconf 89' lang='lat' dir='ltr'>illum</span> <span class='ocrx_word' id='word_1_122' title='bbox 1451 964 1580 1034; x_wconf 77' lang='lat' dir='ltr'>quislibet</span> <span class='ocrx_word' id='word_1_123' title='bbox 1599 974 1727 1021; x_wconf 88' lang='lat' dir='ltr'>nostrum</span> <span class='ocrx_word' id='word_1_124' title='bbox 1747 981 1792 1021; x_wconf 87' lang='lat' dir='ltr'>se-</span> 
     </span>
     <span class='ocr_line' id='line_1_10' title="bbox 140 1045 1753 1123; baseline 0.004 -22"><span class='ocrx_word' id='word_1_125' title='bbox 140 1056 218 1102; x_wconf 90' lang='lat' dir='ltr'>tnrac</span> <span class='ocrx_word' id='word_1_126' title='bbox 232 1056 305 1110; x_wconf 88' lang='lat' dir='ltr'>sunt,</span> <span class='ocrx_word' id='word_1_127' title='bbox 318 1058 345 1102; x_wconf 94' lang='lat' dir='ltr'>ct</span> <span class='ocrx_word' id='word_1_128' title='bbox 365 1047 454 1102; x_wconf 91' lang='lat' dir='ltr'>minus</span> <span class='ocrx_word' id='word_1_129' title='bbox 466 1047 537 1103; x_wconf 93' lang='lat' dir='ltr'>docti</span> <span class='ocrx_word' id='word_1_130' title='bbox 548 1056 630 1118; x_wconf 88' lang='lat' dir='ltr'>atque</span> <span class='ocrx_word' id='word_1_131' title='bbox 651 1049 724 1103; x_wconf 84' lang='lat' dir='ltr'>cauti</span> <span class='ocrx_word' id='word_1_132' title='bbox 740 1045 938 1102; x_wconf 76' lang='lat' dir='ltr'>inueniunturh</span> <span class='ocrx_word' id='word_1_133' title='bbox 989 1062 1088 1123; x_wconf 82' lang='lat' dir='ltr'>quatur</span> <span class='ocrx_word' id='word_1_134' title='bbox 1099 1053 1143 1108; x_wconf 91' lang='lat' dir='ltr'>cui</span> <span class='ocrx_word' id='word_1_135' title='bbox 1158 1053 1312 1109; x_wconf 89' lang='lat' dir='ltr'>iamdudum</span> <span class='ocrx_word' id='word_1_136' title='bbox 1330 1054 1356 1107; x_wconf 93' lang='lat' dir='ltr'>in</span> <span class='ocrx_word' id='word_1_137' title='bbox 1371 1053 1506 1123; x_wconf 85' lang='lat' dir='ltr'>baptismo</span> <span class='ocrx_word' id='word_1_138' title='bbox 1521 1056 1753 1109; x_wconf 75' lang='lat' dir='ltr'>renunciavimus.</span> 
     </span>
     <span class='ocr_line' id='line_1_11' title="bbox 140 1138 1790 1217; baseline 0.004 -22"><span class='ocrx_word' id='word_1_139' title='bbox 140 1139 162 1195; x_wconf 89' lang='lat' dir='ltr'>si</span> <span class='ocrx_word' id='word_1_140' title='bbox 177 1140 259 1195; x_wconf 89' lang='lat' dir='ltr'>rebus</span> <span class='ocrx_word' id='word_1_141' title='bbox 271 1139 327 1195; x_wconf 85' lang='lat' dir='ltr'>suis</span> <span class='ocrx_word' id='word_1_142' title='bbox 342 1139 490 1209; x_wconf 81' lang='lat' dir='ltr'>expoliant,</span> <span class='ocrx_word' id='word_1_143' title='bbox 511 1147 539 1194; x_wconf 91' lang='lat' dir='ltr'>ct</span> <span class='ocrx_word' id='word_1_144' title='bbox 550 1139 687 1211; x_wconf 70' lang='lat' dir='ltr'>legitimos</span> <span class='ocrx_word' id='word_1_145' title='bbox 708 1138 823 1196; x_wconf 85' lang='lat' dir='ltr'>beredes</span> <span class='ocrx_word' id='word_1_146' title='bbox 843 1154 940 1196; x_wconf 89' lang='lat' dir='ltr'>eorum</span> <span class='ocrx_word' id='word_1_147' title='bbox 1025 1142 1068 1199; x_wconf 89' lang='lat' dir='ltr'>lii.</span> <span class='ocrx_word' id='word_1_148' title='bbox 1088 1143 1118 1199; x_wconf 96' lang='lat' dir='ltr'>ln</span> <span class='ocrx_word' id='word_1_149' title='bbox 1130 1157 1185 1214; x_wconf 90' lang='lat' dir='ltr'>quo</span> <span class='ocrx_word' id='word_1_150' title='bbox 1205 1158 1339 1199; x_wconf 88' lang='lat' dir='ltr'>canonum</span> <span class='ocrx_word' id='word_1_151' title='bbox 1353 1142 1396 1198; x_wconf 81' lang='lat' dir='ltr'>rel</span> <span class='ocrx_word' id='word_1_152' title='bbox 1410 1143 1438 1199; x_wconf 90' lang='lat' dir='ltr'>in</span> <span class='ocrx_word' id='word_1_153' title='bbox 1452 1145 1530 1202; x_wconf 83' lang='lat' dir='ltr'>cuius</span> <span class='ocrx_word' id='word_1_154' title='bbox 1545 1145 1632 1200; x_wconf 78' lang='lat' dir='ltr'>saricti</span> <span class='ocrx_word' id='word_1_155' title='bbox 1646 1145 1735 1217; x_wconf 83' lang='lat' dir='ltr'>patria</span> <span class='ocrx_word' id='word_1_156' title='bbox 1745 1161 1790 1201; x_wconf 84' lang='lat' dir='ltr'>re-</span> 
     </span>
     <span class='ocr_line' id='line_1_12' title="bbox 139 1229 1790 1307; baseline 0.004 -22"><span class='ocrx_word' id='word_1_157' title='bbox 139 1229 317 1296; x_wconf 83' lang='lat' dir='ltr'>cabcredant,</span> <span class='ocrx_word' id='word_1_158' title='bbox 331 1245 363 1286; x_wconf 88' lang='lat' dir='ltr'>ac</span> <span class='ocrx_word' id='word_1_159' title='bbox 373 1244 424 1300; x_wconf 88' lang='lat' dir='ltr'>por</span> <span class='ocrx_word' id='word_1_160' title='bbox 435 1230 487 1287; x_wconf 89' lang='lat' dir='ltr'>boc</span> <span class='ocrx_word' id='word_1_161' title='bbox 498 1231 662 1302; x_wconf 74' lang='lat' dir='ltr'>plerosque¹</span> <span class='ocrx_word' id='word_1_162' title='bbox 675 1231 709 1287; x_wconf 90' lang='lat' dir='ltr'>ad</span> <span class='ocrx_word' id='word_1_163' title='bbox 730 1230 832 1304; x_wconf 76' lang='lat' dir='ltr'>ssaqitia</span> <span class='ocrx_word' id='word_1_164' title='bbox 843 1239 871 1289; x_wconf 86' lang='lat' dir='ltr'>ei</span> <span class='ocrx_word' id='word_1_165' title='bbox 881 1244 940 1291; x_wconf 84' lang='lat' dir='ltr'>toe-</span> <span class='ocrx_word' id='word_1_166' title='bbox 989 1235 1050 1307; x_wconf 75' lang='lat' dir='ltr'>gula</span> <span class='ocrx_word' id='word_1_167' title='bbox 1063 1235 1240 1291; x_wconf 72' lang='lat' dir='ltr'>constituatur</span> <span class='ocrx_word' id='word_1_168' title='bbox 1253 1235 1298 1300; x_wconf 92' lang='lat' dir='ltr'>sit,</span> <span class='ocrx_word' id='word_1_169' title='bbox 1313 1245 1344 1291; x_wconf 92' lang='lat' dir='ltr'>ut</span> <span class='ocrx_word' id='word_1_170' title='bbox 1355 1234 1457 1291; x_wconf 85' lang='lat' dir='ltr'>inuitus</span> <span class='ocrx_word' id='word_1_171' title='bbox 1467 1235 1596 1307; x_wconf 84' lang='lat' dir='ltr'>quislibet</span> <span class='ocrx_word' id='word_1_172' title='bbox 1609 1243 1657 1292; x_wconf 90' lang='lat' dir='ltr'>aut</span> <span class='ocrx_word' id='word_1_173' title='bbox 1669 1235 1790 1292; x_wconf 77' lang='lat' dir='ltr'>clericum</span> 
     </span>
     <span class='ocr_line' id='line_1_13' title="bbox 140 1321 1790 1398; baseline 0.003 -23"><span class='ocrx_word' id='word_1_174' title='bbox 140 1321 321 1392; x_wconf 82' lang='lat' dir='ltr'>leraproptcr</span> <span class='ocrx_word' id='word_1_175' title='bbox 331 1323 460 1393; x_wconf 90' lang='lat' dir='ltr'>inopiam,</span> <span class='ocrx_word' id='word_1_176' title='bbox 477 1323 512 1378; x_wconf 88' lang='lat' dir='ltr'>ad</span> <span class='ocrx_word' id='word_1_177' title='bbox 523 1338 604 1393; x_wconf 89' lang='lat' dir='ltr'>quam</span> <span class='ocrx_word' id='word_1_178' title='bbox 611 1338 665 1394; x_wconf 83' lang='lat' dir='ltr'>per</span> <span class='ocrx_word' id='word_1_179' title='bbox 676 1324 729 1379; x_wconf 90' lang='lat' dir='ltr'>boc</span> <span class='ocrx_word' id='word_1_180' title='bbox 742 1321 846 1379; x_wconf 86' lang='lat' dir='ltr'>inerint</span> <span class='ocrx_word' id='word_1_181' title='bbox 858 1324 940 1387; x_wconf 83' lang='lat' dir='ltr'>dero-</span> <span class='ocrx_word' id='word_1_182' title='bbox 989 1334 1036 1380; x_wconf 88' lang='lat' dir='ltr'>aut</span> <span class='ocrx_word' id='word_1_183' title='bbox 1048 1324 1197 1380; x_wconf 85' lang='lat' dir='ltr'>monachus</span> <span class='ocrx_word' id='word_1_184' title='bbox 1209 1323 1266 1390; x_wconf 87' lang='lat' dir='ltr'>ilat,</span> <span class='ocrx_word' id='word_1_185' title='bbox 1282 1333 1328 1379; x_wconf 89' lang='lat' dir='ltr'>aut</span> <span class='ocrx_word' id='word_1_186' title='bbox 1346 1323 1393 1379; x_wconf 93' lang='lat' dir='ltr'>ubi</span> <span class='ocrx_word' id='word_1_187' title='bbox 1408 1323 1535 1380; x_wconf 83' lang='lat' dir='ltr'>Christus</span> <span class='ocrx_word' id='word_1_188' title='bbox 1544 1325 1730 1398; x_wconf 85' lang='lat' dir='ltr'>praecepisset</span> <span class='ocrx_word' id='word_1_189' title='bbox 1741 1333 1790 1380; x_wconf 89' lang='lat' dir='ltr'>aut</span> 
     </span>
     <span class='ocr_line' id='line_1_14' title="bbox 133 1409 1790 1487; baseline 0.004 -22"><span class='ocrx_word' id='word_1_190' title='bbox 133 1411 201 1478; x_wconf 91' lang='lat' dir='ltr'>luti,</span> <span class='ocrx_word' id='word_1_191' title='bbox 216 1410 405 1482; x_wconf 70' lang='lat' dir='ltr'>:perpetranda</span> <span class='ocrx_word' id='word_1_192' title='bbox 427 1409 602 1482; x_wconf 85' lang='lat' dir='ltr'>compellunt,</span> <span class='ocrx_word' id='word_1_193' title='bbox 629 1420 659 1467; x_wconf 93' lang='lat' dir='ltr'>ut</span> <span class='ocrx_word' id='word_1_194' title='bbox 681 1411 760 1482; x_wconf 90' lang='lat' dir='ltr'>quasi</span> <span class='ocrx_word' id='word_1_195' title='bbox 783 1411 939 1468; x_wconf 86' lang='lat' dir='ltr'>necessario</span> <span class='ocrx_word' id='word_1_196' title='bbox 989 1415 1050 1487; x_wconf 89' lang='lat' dir='ltr'>quis</span> <span class='ocrx_word' id='word_1_197' title='bbox 1072 1415 1210 1486; x_wconf 90' lang='lat' dir='ltr'>apostolus</span> <span class='ocrx_word' id='word_1_198' title='bbox 1221 1414 1416 1485; x_wconf 87' lang='lat' dir='ltr'>praedicasset,</span> <span class='ocrx_word' id='word_1_199' title='bbox 1431 1423 1461 1471; x_wconf 91' lang='lat' dir='ltr'>ut</span> <span class='ocrx_word' id='word_1_200' title='bbox 1485 1415 1518 1470; x_wconf 91' lang='lat' dir='ltr'>de</span> <span class='ocrx_word' id='word_1_201' title='bbox 1531 1414 1686 1471; x_wconf 88' lang='lat' dir='ltr'>nolentibus</span> <span class='ocrx_word' id='word_1_202' title='bbox 1704 1423 1733 1471; x_wconf 90' lang='grc' dir='ltr'>ιι</span> <span class='ocrx_word' id='word_1_203' title='bbox 1747 1417 1790 1471; x_wconf 91' lang='lat' dir='ltr'>in·</span> 
     </span>
     <span class='ocr_line' id='line_1_15' title="bbox 132 1500 1790 1577; baseline 0.008 -21"><span class='ocrx_word' id='word_1_204' title='bbox 132 1500 212 1558; x_wconf 73' lang='lat' dir='ltr'>’turta</span> <span class='ocrx_word' id='word_1_205' title='bbox 235 1510 263 1558; x_wconf 88' lang='lat' dir='ltr'>et</span> <span class='ocrx_word' id='word_1_206' title='bbox 285 1501 426 1558; x_wconf 73' lang='lat' dir='ltr'>iatrocinia</span> <span class='ocrx_word' id='word_1_207' title='bbox 454 1510 610 1569; x_wconf 70' lang='lat' dir='ltr'>exerceant,</span> <span class='ocrx_word' id='word_1_208' title='bbox 629 1501 678 1559; x_wconf 89' lang='lat' dir='ltr'>cui</span> <span class='ocrx_word' id='word_1_209' title='bbox 695 1511 808 1574; x_wconf 87' lang='lat' dir='ltr'>paterna</span> <span class='ocrx_word' id='word_1_210' title='bbox 824 1502 939 1558; x_wconf 79' lang='lat' dir='ltr'>remm&#39;</span> <span class='ocrx_word' id='word_1_211' title='bbox 988 1507 1062 1574; x_wconf 86' lang='lat' dir='ltr'>ritis,</span> <span class='ocrx_word' id='word_1_212' title='bbox 1074 1515 1102 1563; x_wconf 90' lang='lat' dir='ltr'>et</span> <span class='ocrx_word' id='word_1_213' title='bbox 1115 1505 1213 1561; x_wconf 83' lang='lat' dir='ltr'>ritibus</span> <span class='ocrx_word' id='word_1_214' title='bbox 1232 1506 1363 1576; x_wconf 88' lang='lat' dir='ltr'>personis,</span> <span class='ocrx_word' id='word_1_215' title='bbox 1378 1507 1552 1577; x_wconf 74' lang='lat' dir='ltr'>congregatio</span> <span class='ocrx_word' id='word_1_216' title='bbox 1567 1507 1644 1565; x_wconf 87' lang='lat' dir='ltr'>lieret</span> <span class='ocrx_word' id='word_1_217' title='bbox 1659 1509 1687 1563; x_wconf 91' lang='lat' dir='ltr'>in</span> <span class='ocrx_word' id='word_1_218' title='bbox 1700 1508 1790 1569; x_wconf 77' lang='lat' dir='ltr'>ecclc·</span> 
     </span>
     <span class='ocr_line' id='line_1_16' title="bbox 133 1594 1559 1667; baseline 0.002 -17"><span class='ocrx_word' id='word_1_219' title='bbox 133 1594 286 1661; x_wconf 72' lang='lat' dir='ltr'>¹lter-editas,</span> <span class='ocrx_word' id='word_1_220' title='bbox 300 1608 335 1648; x_wconf 88' lang='lat' dir='ltr'>ne</span> <span class='ocrx_word' id='word_1_221' title='bbox 354 1595 389 1650; x_wconf 87' lang='lat' dir='ltr'>ad</span> <span class='ocrx_word' id='word_1_222' title='bbox 407 1610 470 1651; x_wconf 90' lang='lat' dir='ltr'>eum</span> <span class='ocrx_word' id='word_1_223' title='bbox 483 1595 653 1667; x_wconf 69' lang='lat' dir='ltr'>,perveniret</span> <span class='ocrx_word' id='word_1_224' title='bbox 676 1595 711 1652; x_wconf 89' lang='lat' dir='ltr'>ab</span> <span class='ocrx_word' id='word_1_225' title='bbox 725 1594 779 1651; x_wconf 88' lang='lat' dir='ltr'>allo</span> <span class='ocrx_word' id='word_1_226' title='bbox 796 1603 938 1667; x_wconf 84' lang='lat' dir='ltr'>praerepta</span> <span class='ocrx_word' id='word_1_227' title='bbox 989 1598 1029 1654; x_wconf 90' lang='lat' dir='ltr'>sia</span> <span class='ocrx_word' id='word_1_228' title='bbox 1039 1597 1082 1653; x_wconf 82' lang='lat' dir='ltr'>uel</span> <span class='ocrx_word' id='word_1_229' title='bbox 1093 1597 1284 1654; x_wconf 88' lang='lat' dir='ltr'>canonieomm</span> <span class='ocrx_word' id='word_1_230' title='bbox 1299 1596 1341 1653; x_wconf 86' lang='lat' dir='ltr'>uel</span> <span class='ocrx_word' id='word_1_231' title='bbox 1354 1598 1559 1654; x_wconf 85' lang='lat' dir='ltr'>monachorum.</span> 
     </span>
     <span class='ocr_line' id='line_1_17' title="bbox 133 1683 1789 1759; baseline 0.003 -18"><span class='ocrx_word' id='word_1_232' title='bbox 133 1693 193 1741; x_wconf 83' lang='lat' dir='ltr'>est.</span> <span class='ocrx_word' id='word_1_233' title='bbox 953 1683 979 1744; x_wconf 86' lang='lat' dir='ltr'>tt</span> <span class='ocrx_word' id='word_1_234' title='bbox 1026 1687 1070 1743; x_wconf 94' lang='grc' dir='ltr'>ιι.</span> <span class='ocrx_word' id='word_1_235' title='bbox 1089 1687 1175 1756; x_wconf 83' lang='lat' dir='ltr'>Quam</span> <span class='ocrx_word' id='word_1_236' title='bbox 1202 1687 1369 1744; x_wconf 77' lang='lat' dir='ltr'>utilitatcm&#39;</span> <span class='ocrx_word' id='word_1_237' title='bbox 1385 1684 1507 1744; x_wconf 80' lang='lat' dir='ltr'>coniurat</span> <span class='ocrx_word' id='word_1_238' title='bbox 1529 1687 1661 1744; x_wconf 75' lang='lat' dir='ltr'>ecciesiae</span> <span class='ocrx_word' id='word_1_239' title='bbox 1673 1686 1789 1759; x_wconf 71' lang='lat' dir='ltr'>Chnsii,</span> 
     </span>
     <span class='ocr_line' id='line_1_18' title="bbox 172 1773 1790 1855; baseline 0.004 -23"><span class='ocrx_word' id='word_1_240' title='bbox 172 1776 203 1832; x_wconf 79' lang='lat' dir='ltr'>u.</span> <span class='ocrx_word' id='word_1_241' title='bbox 214 1777 316 1833; x_wconf 88' lang='lat' dir='ltr'>lterum</span> <span class='ocrx_word' id='word_1_242' title='bbox 326 1774 527 1849; x_wconf 87' lang='lat' dir='ltr'>inquirendum,</span> <span class='ocrx_word' id='word_1_243' title='bbox 539 1775 805 1847; x_wconf 69' lang='lat' dir='ltr'>qrornodoseculam</span> <span class='ocrx_word' id='word_1_244' title='bbox 816 1773 942 1846; x_wconf 84' lang='lat' dir='ltr'>reliquls·</span> <span class='ocrx_word' id='word_1_245' title='bbox 991 1777 1063 1849; x_wconf 90' lang='lat' dir='ltr'>quod</span> <span class='ocrx_word' id='word_1_246' title='bbox 1090 1777 1181 1849; x_wconf 89' lang='lat' dir='ltr'>isqui</span> <span class='ocrx_word' id='word_1_247' title='bbox 1204 1787 1297 1849; x_wconf 87' lang='lat' dir='ltr'>pastor</span> <span class='ocrx_word' id='word_1_248' title='bbox 1311 1778 1353 1833; x_wconf 85' lang='lat' dir='ltr'>rel</span> <span class='ocrx_word' id='word_1_249' title='bbox 1375 1777 1503 1850; x_wconf 79' lang='lat' dir='ltr'>magister</span> <span class='ocrx_word' id='word_1_250' title='bbox 1518 1793 1571 1835; x_wconf 90' lang='lat' dir='ltr'>nec</span> <span class='ocrx_word' id='word_1_251' title='bbox 1592 1779 1790 1855; x_wconf 83' lang='lat' dir='ltr'>cuiuscumque</span> 
     </span>
     <span class='ocr_line' id='line_1_19' title="bbox 133 1866 1789 1940; baseline 0.004 -19"><span class='ocrx_word' id='word_1_252' title='bbox 133 1877 193 1936; x_wconf 76' lang='lat' dir='ltr'>set,</span> <span class='ocrx_word' id='word_1_253' title='bbox 218 1868 266 1940; x_wconf 92' lang='lat' dir='ltr'>qui</span> <span class='ocrx_word' id='word_1_254' title='bbox 280 1869 437 1939; x_wconf 80' lang='lat' dir='ltr'>cupiditate</span> <span class='ocrx_word' id='word_1_255' title='bbox 449 1866 548 1923; x_wconf 87' lang='lat' dir='ltr'>duetus</span> <span class='ocrx_word' id='word_1_256' title='bbox 561 1875 676 1937; x_wconf 86' lang='lat' dir='ltr'>propter</span> <span class='ocrx_word' id='word_1_257' title='bbox 697 1866 883 1936; x_wconf 80' lang='lat' dir='ltr'>adipiscendas</span> <span class='ocrx_word' id='word_1_258' title='bbox 895 1879 941 1923; x_wconf 84' lang='lat' dir='ltr'>reo</span> <span class='ocrx_word' id='word_1_259' title='bbox 990 1869 1153 1926; x_wconf 83' lang='lat' dir='ltr'>uenerabilis</span> <span class='ocrx_word' id='word_1_260' title='bbox 1167 1868 1219 1926; x_wconf 94' lang='lat' dir='ltr'>loci</span> <span class='ocrx_word' id='word_1_261' title='bbox 1231 1883 1292 1926; x_wconf 86' lang='lat' dir='ltr'>esse</span> <span class='ocrx_word' id='word_1_262' title='bbox 1303 1866 1392 1935; x_wconf 88' lang='lat' dir='ltr'>debet,</span> <span class='ocrx_word' id='word_1_263' title='bbox 1416 1869 1503 1940; x_wconf 72' lang='lat' dir='ltr'>magis</span> <span class='ocrx_word' id='word_1_264' title='bbox 1513 1868 1603 1925; x_wconf 87' lang='lat' dir='ltr'>studet</span> <span class='ocrx_word' id='word_1_265' title='bbox 1621 1869 1649 1926; x_wconf 90' lang='lat' dir='ltr'>in</span> <span class='ocrx_word' id='word_1_266' title='bbox 1659 1885 1710 1926; x_wconf 83' lang='lat' dir='ltr'>sua</span> <span class='ocrx_word' id='word_1_267' title='bbox 1723 1886 1789 1928; x_wconf 86' lang='lat' dir='ltr'>con-</span> 
     </span>
     <span class='ocr_line' id='line_1_20' title="bbox 140 1956 1790 2033; baseline 0.001 -17"><span class='ocrx_word' id='word_1_268' title='bbox 140 1975 209 2033; x_wconf 86' lang='lat' dir='ltr'>quas</span> <span class='ocrx_word' id='word_1_269' title='bbox 222 1960 305 2016; x_wconf 86' lang='lat' dir='ltr'>alium</span> <span class='ocrx_word' id='word_1_270' title='bbox 324 1961 395 2016; x_wconf 81' lang='lat' dir='ltr'>uidit</span> <span class='ocrx_word' id='word_1_271' title='bbox 415 1959 609 2030; x_wconf 80' lang='lat' dir='ltr'>pmsldentom,</span> <span class='ocrx_word' id='word_1_272' title='bbox 624 1959 750 2015; x_wconf 79' lang='lat' dir='ltr'>nomines</span> <span class='ocrx_word' id='word_1_273' title='bbox 763 1957 798 2014; x_wconf 88' lang='lat' dir='ltr'>ad</span> <span class='ocrx_word' id='word_1_274' title='bbox 819 1958 942 2029; x_wconf 81' lang='lat' dir='ltr'>periuris</span> <span class='ocrx_word' id='word_1_275' title='bbox 990 1959 1143 2016; x_wconf 75' lang='lat' dir='ltr'>versatione</span> <span class='ocrx_word' id='word_1_276' title='bbox 1158 1959 1258 2015; x_wconf 84' lang='lat' dir='ltr'>babere</span> <span class='ocrx_word' id='word_1_277' title='bbox 1272 1956 1372 2014; x_wconf 90' lang='lat' dir='ltr'>multos</span> <span class='ocrx_word' id='word_1_278' title='bbox 1386 1973 1468 2028; x_wconf 89' lang='lat' dir='ltr'>quam</span> <span class='ocrx_word' id='word_1_279' title='bbox 1482 1959 1577 2025; x_wconf 89' lang='lat' dir='ltr'>bonos,</span> <span class='ocrx_word' id='word_1_280' title='bbox 1593 1967 1623 2016; x_wconf 90' lang='lat' dir='ltr'>ct</span> <span class='ocrx_word' id='word_1_281' title='bbox 1645 1977 1701 2017; x_wconf 89' lang='lat' dir='ltr'>noa</span> <span class='ocrx_word' id='word_1_282' title='bbox 1726 1969 1790 2018; x_wconf 86' lang='lat' dir='ltr'>tan·</span> 
     </span>
     <span class='ocr_line' id='line_1_21' title="bbox 138 2047 1788 2122; baseline 0.001 -13"><span class='ocrx_word' id='word_1_283' title='bbox 138 2062 168 2109; x_wconf 89' lang='lat' dir='ltr'>et</span> <span class='ocrx_word' id='word_1_284' title='bbox 189 2052 257 2109; x_wconf 85' lang='lat' dir='ltr'>laisa</span> <span class='ocrx_word' id='word_1_285' title='bbox 275 2051 433 2109; x_wconf 86' lang='lat' dir='ltr'>testimonia</span> <span class='ocrx_word' id='word_1_286' title='bbox 444 2050 552 2121; x_wconf 89' lang='lat' dir='ltr'>praecio</span> <span class='ocrx_word' id='word_1_287' title='bbox 572 2049 711 2116; x_wconf 90' lang='lat' dir='ltr'>conducit,</span> <span class='ocrx_word' id='word_1_288' title='bbox 735 2057 763 2105; x_wconf 82' lang='lat' dir='ltr'>at</span> <span class='ocrx_word' id='word_1_289' title='bbox 777 2047 940 2106; x_wconf 73' lang='lat' dir='ltr'>advocatum</span> <span class='ocrx_word' id='word_1_290' title='bbox 991 2057 1049 2106; x_wconf 90' lang='lat' dir='ltr'>tum</span> <span class='ocrx_word' id='word_1_291' title='bbox 1059 2049 1280 2122; x_wconf 75' lang='lat' dir='ltr'>pmbct⁸lquam</span> <span class='ocrx_word' id='word_1_292' title='bbox 1292 2049 1463 2106; x_wconf 87' lang='lat' dir='ltr'>multitudine</span> <span class='ocrx_word' id='word_1_293' title='bbox 1472 2050 1613 2107; x_wconf 89' lang='lat' dir='ltr'>bominum</span> <span class='ocrx_word' id='word_1_294' title='bbox 1624 2051 1788 2122; x_wconf 81' lang='lat' dir='ltr'>delectatur,</span> 
     </span>
     <span class='ocr_line' id='line_1_22' title="bbox 139 2139 1790 2215; baseline 0.001 -15"><span class='ocrx_word' id='word_1_295' title='bbox 139 2145 198 2200; x_wconf 86' lang='lat' dir='ltr'>sive</span> <span class='ocrx_word' id='word_1_296' title='bbox 211 2144 396 2215; x_wconf 85' lang='lat' dir='ltr'>praepositum</span> <span class='ocrx_word' id='word_1_297' title='bbox 405 2157 462 2199; x_wconf 89' lang='lat' dir='ltr'>nou</span> <span class='ocrx_word' id='word_1_298' title='bbox 472 2142 617 2203; x_wconf 76' lang='lat' dir='ltr'>lauduuo</span> <span class='ocrx_word' id='word_1_299' title='bbox 627 2140 713 2201; x_wconf 72' lang='grc' dir='ltr'>ιιιιιιιι</span> <span class='ocrx_word' id='word_1_300' title='bbox 727 2139 879 2206; x_wconf 72' lang='lat' dir='ltr'>dmentem,</span> <span class='ocrx_word' id='word_1_301' title='bbox 892 2140 941 2201; x_wconf 83' lang='lat' dir='ltr'>ted</span> <span class='ocrx_word' id='word_1_302' title='bbox 990 2140 1051 2210; x_wconf 86' lang='lat' dir='ltr'>plns</span> <span class='ocrx_word' id='word_1_303' title='bbox 1062 2140 1153 2196; x_wconf 79' lang='lat' dir='ltr'>studet</span> <span class='ocrx_word' id='word_1_304' title='bbox 1164 2147 1195 2195; x_wconf 92' lang='lat' dir='ltr'>nt</span> <span class='ocrx_word' id='word_1_305' title='bbox 1207 2154 1273 2196; x_wconf 88' lang='lat' dir='ltr'>suus</span> <span class='ocrx_word' id='word_1_306' title='bbox 1288 2139 1405 2196; x_wconf 83' lang='lat' dir='ltr'>clericus</span> <span class='ocrx_word' id='word_1_307' title='bbox 1416 2140 1459 2196; x_wconf 80' lang='lat' dir='ltr'>rel</span> <span class='ocrx_word' id='word_1_308' title='bbox 1476 2141 1626 2197; x_wconf 83' lang='lat' dir='ltr'>monachus</span> <span class='ocrx_word' id='word_1_309' title='bbox 1638 2143 1710 2200; x_wconf 88' lang='lat' dir='ltr'>bene</span> <span class='ocrx_word' id='word_1_310' title='bbox 1722 2158 1790 2200; x_wconf 85' lang='lat' dir='ltr'>cau·</span> 
     </span>
     <span class='ocr_line' id='line_1_23' title="bbox 132 2228 1789 2309; baseline -0.001 -19"><span class='ocrx_word' id='word_1_311' title='bbox 132 2235 276 2291; x_wconf 83' lang='lat' dir='ltr'>erudoiem</span> <span class='ocrx_word' id='word_1_312' title='bbox 301 2249 333 2290; x_wconf 87' lang='lat' dir='ltr'>ac</span> <span class='ocrx_word' id='word_1_313' title='bbox 352 2233 481 2303; x_wconf 86' lang='lat' dir='ltr'>cupidum</span> <span class='ocrx_word' id='word_1_314' title='bbox 494 2246 528 2288; x_wconf 90' lang='lat' dir='ltr'>ac</span> <span class='ocrx_word' id='word_1_315' title='bbox 546 2231 667 2302; x_wconf 87' lang='lat' dir='ltr'>periuria</span> <span class='ocrx_word' id='word_1_316' title='bbox 686 2232 938 2303; x_wconf 68' lang='lat' dir='ltr'>parvipendentem,</span> <span class='ocrx_word' id='word_1_317' title='bbox 991 2238 1030 2286; x_wconf 87' lang='lat' dir='ltr'>tei</span> <span class='ocrx_word' id='word_1_318' title='bbox 1042 2239 1071 2285; x_wconf 92' lang='grc' dir='ltr'>ιι</span> <span class='ocrx_word' id='word_1_319' title='bbox 1084 2228 1165 2302; x_wconf 78' lang='lat' dir='ltr'>legat,</span> <span class='ocrx_word' id='word_1_320' title='bbox 1180 2245 1261 2302; x_wconf 88' lang='lat' dir='ltr'>quarn</span> <span class='ocrx_word' id='word_1_321' title='bbox 1280 2231 1350 2286; x_wconf 90' lang='lat' dir='ltr'>inste</span> <span class='ocrx_word' id='word_1_322' title='bbox 1361 2240 1388 2286; x_wconf 89' lang='lat' dir='ltr'>ct</span> <span class='ocrx_word' id='word_1_323' title='bbox 1411 2232 1491 2287; x_wconf 88' lang='lat' dir='ltr'>beate</span> <span class='ocrx_word' id='word_1_324' title='bbox 1515 2231 1599 2287; x_wconf 80' lang='lat' dir='ltr'>uiuat.</span> <span class='ocrx_word' id='word_1_325' title='bbox 1612 2229 1789 2309; x_wconf 75' lang='lat' dir='ltr'>Quamquam</span> 
     </span>
     <span class='ocr_line' id='line_1_24' title="bbox 135 2320 1789 2398; baseline 0 -17"><span class='ocrx_word' id='word_1_326' title='bbox 135 2326 263 2398; x_wconf 79' lang='lat' dir='ltr'>inquirit,</span> <span class='ocrx_word' id='word_1_327' title='bbox 276 2334 304 2380; x_wconf 92' lang='lat' dir='ltr'>et</span> <span class='ocrx_word' id='word_1_328' title='bbox 317 2326 351 2380; x_wconf 88' lang='lat' dir='ltr'>ad</span> <span class='ocrx_word' id='word_1_329' title='bbox 362 2324 565 2395; x_wconf 84' lang='lat' dir='ltr'>inquisitionem</span> <span class='ocrx_word' id='word_1_330' title='bbox 577 2336 670 2380; x_wconf 85' lang='lat' dir='ltr'>renam</span> <span class='ocrx_word' id='word_1_331' title='bbox 680 2339 735 2380; x_wconf 93' lang='lat' dir='ltr'>non</span> <span class='ocrx_word' id='word_1_332' title='bbox 748 2324 876 2396; x_wconf 87' lang='lat' dir='ltr'>qualiter,</span> <span class='ocrx_word' id='word_1_333' title='bbox 890 2325 941 2382; x_wconf 88' lang='lat' dir='ltr'>sed</span> <span class='ocrx_word' id='word_1_334' title='bbox 989 2335 1044 2376; x_wconf 91' lang='lat' dir='ltr'>non</span> <span class='ocrx_word' id='word_1_335' title='bbox 1060 2320 1148 2377; x_wconf 87' lang='lat' dir='ltr'>solnm</span> <span class='ocrx_word' id='word_1_336' title='bbox 1157 2320 1268 2376; x_wconf 81' lang='lat' dir='ltr'>minime</span> <span class='ocrx_word' id='word_1_337' title='bbox 1279 2320 1308 2376; x_wconf 90' lang='lat' dir='ltr'>ln</span> <span class='ocrx_word' id='word_1_338' title='bbox 1320 2322 1434 2378; x_wconf 88' lang='lat' dir='ltr'>ccclesia</span> <span class='ocrx_word' id='word_1_339' title='bbox 1447 2325 1663 2394; x_wconf 78' lang='lat' dir='ltr'>mutempncada</span> <span class='ocrx_word' id='word_1_340' title='bbox 1674 2324 1711 2380; x_wconf 88' lang='lat' dir='ltr'>sit</span> <span class='ocrx_word' id='word_1_341' title='bbox 1722 2340 1789 2382; x_wconf 85' lang='lat' dir='ltr'>eart-</span> 
     </span>
     <span class='ocr_line' id='line_1_25' title="bbox 134 2411 1791 2487; baseline 0.008 -29"><span class='ocrx_word' id='word_1_342' title='bbox 134 2424 242 2487; x_wconf 70' lang='lat' dir='ltr'>.quanra</span> <span class='ocrx_word' id='word_1_343' title='bbox 256 2414 415 2486; x_wconf 82' lang='lat' dir='ltr'>adquirat¹.</span> <span class='ocrx_word' id='word_1_344' title='bbox 989 2412 1065 2468; x_wconf 88' lang='lat' dir='ltr'>tandi</span> <span class='ocrx_word' id='word_1_345' title='bbox 1080 2412 1124 2468; x_wconf 89' lang='lat' dir='ltr'>rei</span> <span class='ocrx_word' id='word_1_346' title='bbox 1145 2411 1250 2484; x_wconf 76' lang='lat' dir='ltr'>legendi</span> <span class='ocrx_word' id='word_1_347' title='bbox 1274 2412 1428 2483; x_wconf 86' lang='lat' dir='ltr'>disciplina,</span> <span class='ocrx_word' id='word_1_348' title='bbox 1444 2413 1492 2469; x_wconf 91' lang='lat' dir='ltr'>sed</span> <span class='ocrx_word' id='word_1_349' title='bbox 1515 2414 1600 2469; x_wconf 89' lang='lat' dir='ltr'>etiam</span> <span class='ocrx_word' id='word_1_350' title='bbox 1622 2414 1791 2471; x_wconf 77' lang='lat' dir='ltr'>omnimodis</span> 
     </span>
     <span class='ocr_line' id='line_1_26' title="bbox 129 2488 1788 2577; baseline 0.001 -17"><span class='ocrx_word' id='word_1_351' title='bbox 129 2540 132 2547; x_wconf 83' lang='lat'><strong>·</strong></span> <span class='ocrx_word' id='word_1_352' title='bbox 175 2507 201 2560; x_wconf 81' lang='grc' dir='ltr'>ι.</span> <span class='ocrx_word' id='word_1_353' title='bbox 221 2506 291 2574; x_wconf 83' lang='lat' dir='ltr'>Quid</span> <span class='ocrx_word' id='word_1_354' title='bbox 303 2507 337 2562; x_wconf 90' lang='lat' dir='ltr'>dc</span> <span class='ocrx_word' id='word_1_355' title='bbox 361 2505 405 2561; x_wconf 82' lang='lat' dir='ltr'>laia</span> <span class='ocrx_word' id='word_1_356' title='bbox 425 2505 579 2571; x_wconf 85' lang='lat' dir='ltr'>dicendum,</span> <span class='ocrx_word' id='word_1_357' title='bbox 603 2505 651 2577; x_wconf 93' lang='lat' dir='ltr'>qul</span> <span class='ocrx_word' id='word_1_358' title='bbox 663 2506 742 2576; x_wconf 75' lang='lat' dir='ltr'>mansi</span> <span class='ocrx_word' id='word_1_359' title='bbox 761 2506 795 2562; x_wconf 87' lang='lat' dir='ltr'>ad</span> <span class='ocrx_word' id='word_1_360' title='bbox 817 2518 940 2561; x_wconf 72' lang='lat' dir='ltr'>amorosa</span> <span class='ocrx_word' id='word_1_361' title='bbox 989 2504 1149 2560; x_wconf 84' lang='lat' dir='ltr'>exercenda.</span> <span class='ocrx_word' id='word_1_362' title='bbox 1165 2502 1219 2558; x_wconf 88' lang='lat' dir='ltr'>Sed</span> <span class='ocrx_word' id='word_1_363' title='bbox 1235 2503 1259 2558; x_wconf 93' lang='grc' dir='ltr'>ιι</span> <span class='ocrx_word' id='word_1_364' title='bbox 1273 2510 1418 2574; x_wconf 86' lang='lat' dir='ltr'>utrumqne</span> <span class='ocrx_word' id='word_1_365' title='bbox 1439 2503 1550 2560; x_wconf 82' lang='lat' dir='ltr'>cuilibet</span> <span class='ocrx_word' id='word_1_366' title='bbox 1564 2488 1715 2560; x_wconf 67' lang='lat' dir='ltr'>veneraliaii</span> <span class='ocrx_word' id='word_1_367' title='bbox 1727 2504 1788 2562; x_wconf 87' lang='lat' dir='ltr'>ioco</span> 
     </span>
     <span class='ocr_line' id='line_1_27' title="bbox 134 2593 1787 2669; baseline -0.001 -14"><span class='ocrx_word' id='word_1_368' title='bbox 134 2598 187 2656; x_wconf 71' lang='lat' dir='ltr'>‘bei</span> <span class='ocrx_word' id='word_1_369' title='bbox 200 2606 228 2653; x_wconf 85' lang='lat' dir='ltr'>et</span> <span class='ocrx_word' id='word_1_370' title='bbox 238 2606 405 2662; x_wconf 82' lang='lat' dir='ltr'>sanctorum,</span> <span class='ocrx_word' id='word_1_371' title='bbox 427 2596 486 2652; x_wconf 79' lang='lat' dir='ltr'>siue</span> <span class='ocrx_word' id='word_1_372' title='bbox 499 2604 652 2669; x_wconf 75' lang='lat' dir='ltr'>martyrum</span> <span class='ocrx_word' id='word_1_373' title='bbox 668 2597 725 2652; x_wconf 82' lang='lat' dir='ltr'>eivs</span> <span class='ocrx_word' id='word_1_374' title='bbox 739 2595 938 2665; x_wconf 75' lang='lat' dir='ltr'>confessorum,</span> <span class='ocrx_word' id='word_1_375' title='bbox 989 2595 1119 2652; x_wconf 83' lang='lat' dir='ltr'>accedere</span> <span class='ocrx_word' id='word_1_376' title='bbox 1141 2601 1244 2665; x_wconf 86' lang='lat' dir='ltr'>potest,</span> <span class='ocrx_word' id='word_1_377' title='bbox 1258 2594 1426 2651; x_wconf 80' lang='lat' dir='ltr'>tolerabilius</span> <span class='ocrx_word' id='word_1_378' title='bbox 1439 2602 1532 2650; x_wconf 79' lang='lat' dir='ltr'>umen</span> <span class='ocrx_word' id='word_1_379' title='bbox 1547 2593 1688 2651; x_wconf 82' lang='lat' dir='ltr'>ierendrrm</span> <span class='ocrx_word' id='word_1_380' title='bbox 1703 2596 1787 2653; x_wconf 87' lang='lat' dir='ltr'>nobis</span> 
     </span>
     <span class='ocr_line' id='line_1_28' title="bbox 137 2683 1785 2760; baseline -0.003 -12"><span class='ocrx_word' id='word_1_381' title='bbox 137 2706 201 2748; x_wconf 85' lang='lat' dir='ltr'>essa</span> <span class='ocrx_word' id='word_1_382' title='bbox 225 2698 254 2746; x_wconf 86' lang='lat' dir='ltr'>ct</span> <span class='ocrx_word' id='word_1_383' title='bbox 268 2689 399 2760; x_wconf 86' lang='lat' dir='ltr'>reliquias</span> <span class='ocrx_word' id='word_1_384' title='bbox 424 2697 582 2745; x_wconf 76' lang='lat' dir='ltr'>unctorum</span> <span class='ocrx_word' id='word_1_385' title='bbox 602 2702 747 2760; x_wconf 84' lang='lat' dir='ltr'>corporum</span> <span class='ocrx_word' id='word_1_386' title='bbox 773 2690 806 2745; x_wconf 87' lang='lat' dir='ltr'>dc</span> <span class='ocrx_word' id='word_1_387' title='bbox 829 2689 938 2746; x_wconf 85' lang='lat' dir='ltr'>loooad</span> <span class='ocrx_word' id='word_1_388' title='bbox 988 2686 1095 2744; x_wconf 79' lang='lat' dir='ltr'>uidetur</span> <span class='ocrx_word' id='word_1_389' title='bbox 1119 2684 1312 2758; x_wconf 73' lang='lat' dir='ltr'>inperfectione</span> <span class='ocrx_word' id='word_1_390' title='bbox 1333 2685 1470 2752; x_wconf 75' lang='lat' dir='ltr'>cunundi,</span> <span class='ocrx_word' id='word_1_391' title='bbox 1499 2698 1581 2755; x_wconf 82' lang='lat' dir='ltr'>quam</span> <span class='ocrx_word' id='word_1_392' title='bbox 1604 2683 1726 2742; x_wconf 70' lang='lat' dir='ltr'>urendi</span> <span class='ocrx_word' id='word_1_393' title='bbox 1750 2686 1785 2744; x_wconf 81' lang='lat' dir='ltr'>tte</span> 
     </span>
     <span class='ocr_line' id='line_1_29' title="bbox 138 2776 1787 2851; baseline -0.003 -13"><span class='ocrx_word' id='word_1_394' title='bbox 138 2783 228 2838; x_wconf 87' lang='lat' dir='ltr'>iocum</span> <span class='ocrx_word' id='word_1_395' title='bbox 240 2779 418 2846; x_wconf 87' lang='lat' dir='ltr'>transienmt,</span> <span class='ocrx_word' id='word_1_396' title='bbox 432 2780 524 2850; x_wconf 92' lang='lat' dir='ltr'>ibique</span> <span class='ocrx_word' id='word_1_397' title='bbox 535 2795 621 2835; x_wconf 84' lang='lat' dir='ltr'>novas</span> <span class='ocrx_word' id='word_1_398' title='bbox 629 2780 756 2836; x_wconf 85' lang='lat' dir='ltr'>basilicas</span> <span class='ocrx_word' id='word_1_399' title='bbox 764 2786 937 2845; x_wconf 71' lang='lat' dir='ltr'>metrani,</span> <span class='ocrx_word' id='word_1_400' title='bbox 988 2780 1111 2851; x_wconf 84' lang='lat' dir='ltr'>quamtis</span> <span class='ocrx_word' id='word_1_401' title='bbox 1122 2779 1222 2836; x_wconf 90' lang='lat' dir='ltr'>bonum</span> <span class='ocrx_word' id='word_1_402' title='bbox 1237 2779 1284 2840; x_wconf 86' lang='lat' dir='ltr'>sit,</span> <span class='ocrx_word' id='word_1_403' title='bbox 1299 2787 1330 2834; x_wconf 87' lang='lat' dir='ltr'>ut</span> <span class='ocrx_word' id='word_1_404' title='bbox 1344 2777 1476 2834; x_wconf 89' lang='lat' dir='ltr'>ecciesiae</span> <span class='ocrx_word' id='word_1_405' title='bbox 1491 2776 1603 2849; x_wconf 81' lang='lat' dir='ltr'>pulelna</span> <span class='ocrx_word' id='word_1_406' title='bbox 1619 2776 1676 2833; x_wconf 87' lang='lat' dir='ltr'>sint</span> <span class='ocrx_word' id='word_1_407' title='bbox 1687 2776 1787 2834; x_wconf 74' lang='lat' dir='ltr'>aedid-</span> 
     </span>
     <span class='ocr_line' id='line_1_30' title="bbox 138 2868 1787 2943; baseline 0 -15"><span class='ocrx_word' id='word_1_408' title='bbox 138 2882 167 2928; x_wconf 86' lang='lat' dir='ltr'>et</span> <span class='ocrx_word' id='word_1_409' title='bbox 179 2885 366 2943; x_wconf 86' lang='lat' dir='ltr'>quoscumque</span> <span class='ocrx_word' id='word_1_410' title='bbox 386 2871 537 2940; x_wconf 89' lang='lat' dir='ltr'>potuerint,</span> <span class='ocrx_word' id='word_1_411' title='bbox 550 2879 581 2928; x_wconf 92' lang='lat' dir='ltr'>ui</span> <span class='ocrx_word' id='word_1_412' title='bbox 600 2871 796 2928; x_wconf 80' lang='lat' dir='ltr'>reesuaaiiluo</span> <span class='ocrx_word' id='word_1_413' title='bbox 818 2871 936 2940; x_wconf 82' lang='lat' dir='ltr'>tradant,</span> <span class='ocrx_word' id='word_1_414' title='bbox 987 2872 1050 2937; x_wconf 88' lang='lat' dir='ltr'>cia,</span> <span class='ocrx_word' id='word_1_415' title='bbox 1070 2870 1292 2943; x_wconf 80' lang='lat' dir='ltr'>pmeicreudus&#39;</span> <span class='ocrx_word' id='word_1_416' title='bbox 1317 2877 1408 2926; x_wconf 89' lang='lat' dir='ltr'>tamen</span> <span class='ocrx_word' id='word_1_417' title='bbox 1433 2876 1475 2926; x_wconf 89' lang='lat' dir='ltr'>est</span> <span class='ocrx_word' id='word_1_418' title='bbox 1496 2868 1625 2925; x_wconf 85' lang='lat' dir='ltr'>aediliciis</span> <span class='ocrx_word' id='word_1_419' title='bbox 1649 2869 1787 2928; x_wconf 77' lang='lat' dir='ltr'>bonorum</span> 
     </span>
     <span class='ocr_line' id='line_1_31' title="bbox 135 2960 1789 3034; baseline -0.001 -14"><span class='ocrx_word' id='word_1_420' title='bbox 135 2964 336 3022; x_wconf 65' lang='lat' dir='ltr'>&gt;instantissime</span> <span class='ocrx_word' id='word_1_421' title='bbox 349 2964 538 3021; x_wconf 89' lang='lat' dir='ltr'>adbortaotur.</span> <span class='ocrx_word' id='word_1_422' title='bbox 553 2964 599 3019; x_wconf 92' lang='lat' dir='ltr'>lile</span> <span class='ocrx_word' id='word_1_423' title='bbox 620 2964 754 3034; x_wconf 84' lang='lat' dir='ltr'>siquidem</span> <span class='ocrx_word' id='word_1_424' title='bbox 774 2964 833 3021; x_wconf 82' lang='lat' dir='ltr'>uult</span> <span class='ocrx_word' id='word_1_425' title='bbox 852 2972 883 3021; x_wconf 89' lang='lat' dir='ltr'>ut</span> <span class='ocrx_word' id='word_1_426' title='bbox 896 2966 938 3023; x_wconf 85' lang='lat' dir='ltr'>ri·</span> <span class='ocrx_word' id='word_1_427' title='bbox 987 2980 1095 3022; x_wconf 92' lang='lat' dir='ltr'>morum</span> <span class='ocrx_word' id='word_1_428' title='bbox 1109 2973 1224 3021; x_wconf 85' lang='lat' dir='ltr'>ornatus</span> <span class='ocrx_word' id='word_1_429' title='bbox 1234 2970 1262 3020; x_wconf 90' lang='lat' dir='ltr'>et</span> <span class='ocrx_word' id='word_1_430' title='bbox 1282 2960 1406 3031; x_wconf 68' lang='lat' dir='ltr'>culmem</span> <span class='ocrx_word' id='word_1_431' title='bbox 1423 2962 1497 3034; x_wconf 89' lang='lat' dir='ltr'>quia,</span> <span class='ocrx_word' id='word_1_432' title='bbox 1513 2961 1688 3034; x_wconf 85' lang='lat' dir='ltr'>inquantum</span> <span class='ocrx_word' id='word_1_433' title='bbox 1706 2962 1789 3019; x_wconf 82' lang='lat' dir='ltr'>nobis</span> 
     </span>
     <span class='ocr_line' id='line_1_32' title="bbox 138 3034 1787 3128; baseline -0.001 -16"><span class='ocrx_word' id='word_1_434' title='bbox 138 3060 236 3114; x_wconf 74' lang='lat' dir='ltr'>aleator</span> <span class='ocrx_word' id='word_1_435' title='bbox 251 3056 331 3127; x_wconf 87' lang='lat' dir='ltr'>quasi</span> <span class='ocrx_word' id='word_1_436' title='bbox 343 3057 412 3113; x_wconf 89' lang='lat' dir='ltr'>beue</span> <span class='ocrx_word' id='word_1_437' title='bbox 427 3055 528 3123; x_wconf 86' lang='lat' dir='ltr'>iacere,</span> <span class='ocrx_word' id='word_1_438' title='bbox 541 3071 624 3127; x_wconf 88' lang='lat' dir='ltr'>seque</span> <span class='ocrx_word' id='word_1_439' title='bbox 640 3065 753 3128; x_wconf 87' lang='lat' dir='ltr'>pmpter</span> <span class='ocrx_word' id='word_1_440' title='bbox 763 3057 816 3115; x_wconf 90' lang='lat' dir='ltr'>boc</span> <span class='ocrx_word' id='word_1_441' title='bbox 834 3034 972 3115; x_wconf 70' lang='lat' dir='ltr'>nnn-⁰</span> <span class='ocrx_word' id='word_1_442' title='bbox 987 3056 1106 3124; x_wconf 88' lang='lat' dir='ltr'>ridetur,</span> <span class='ocrx_word' id='word_1_443' title='bbox 1119 3055 1234 3112; x_wconf 88' lang='lat' dir='ltr'>structio</span> <span class='ocrx_word' id='word_1_444' title='bbox 1244 3054 1419 3111; x_wconf 82' lang='lat' dir='ltr'>basilicarum</span> <span class='ocrx_word' id='word_1_445' title='bbox 1437 3054 1539 3109; x_wconf 79' lang='grc' dir='ltr'>ιιιιιιι</span> <span class='ocrx_word' id='word_1_446' title='bbox 1558 3053 1626 3126; x_wconf 74' lang='lat' dir='ltr'>legis</span> <span class='ocrx_word' id='word_1_447' title='bbox 1647 3056 1787 3125; x_wconf 85' lang='lat' dir='ltr'>quandam</span> 
     </span>
     <span class='ocr_line' id='line_1_33' title="bbox 136 3149 1787 3223; baseline -0.001 -15"><span class='ocrx_word' id='word_1_448' title='bbox 136 3153 207 3208; x_wconf 88' lang='lat' dir='ltr'>bene</span> <span class='ocrx_word' id='word_1_449' title='bbox 221 3152 349 3209; x_wconf 88' lang='lat' dir='ltr'>meritum</span> <span class='ocrx_word' id='word_1_450' title='bbox 372 3152 445 3221; x_wconf 89' lang='lat' dir='ltr'>apud</span> <span class='ocrx_word' id='word_1_451' title='bbox 459 3152 544 3210; x_wconf 84' lang='lat' dir='ltr'>Deum</span> <span class='ocrx_word' id='word_1_452' title='bbox 566 3152 636 3218; x_wconf 86' lang='lat' dir='ltr'>lieri,</span> <span class='ocrx_word' id='word_1_453' title='bbox 649 3154 748 3223; x_wconf 87' lang='lat' dir='ltr'>quibus</span> <span class='ocrx_word' id='word_1_454' title='bbox 763 3161 853 3223; x_wconf 84' lang='lat' dir='ltr'>potest</span> <span class='ocrx_word' id='word_1_455' title='bbox 875 3168 938 3223; x_wconf 86' lang='lat' dir='ltr'>per-</span> <span class='ocrx_word' id='word_1_456' title='bbox 988 3150 1072 3206; x_wconf 88' lang='lat' dir='ltr'>trabit</span> <span class='ocrx_word' id='word_1_457' title='bbox 1100 3149 1345 3216; x_wconf 66' lang='lat' dir='ltr'>consuetudinem</span> <span class='ocrx_word' id='word_1_458' title='bbox 1374 3164 1482 3205; x_wconf 90' lang='lat' dir='ltr'>morum</span> <span class='ocrx_word' id='word_1_459' title='bbox 1512 3156 1602 3204; x_wconf 67' lang='lat' dir='ltr'>auum</span> <span class='ocrx_word' id='word_1_460' title='bbox 1628 3150 1787 3207; x_wconf 86' lang='lat' dir='ltr'>emendatio</span> 
     </span>
     <span class='ocr_line' id='line_1_34' title="bbox 138 3239 1788 3312; baseline -0.001 -14"><span class='ocrx_word' id='word_1_461' title='bbox 138 3243 253 3299; x_wconf 87' lang='lat' dir='ltr'>suadere</span> <span class='ocrx_word' id='word_1_462' title='bbox 267 3242 413 3312; x_wconf 83' lang='lat' dir='ltr'>episeopis.</span> <span class='ocrx_word' id='word_1_463' title='bbox 430 3240 522 3299; x_wconf 79' lang='lat' dir='ltr'>Palam</span> <span class='ocrx_word' id='word_1_464' title='bbox 536 3242 590 3301; x_wconf 67' lang='lat' dir='ltr'>di*</span> <span class='ocrx_word' id='word_1_465' title='bbox 617 3243 669 3298; x_wconf 91' lang='lat' dir='ltr'>boc</span> <span class='ocrx_word' id='word_1_466' title='bbox 692 3242 753 3301; x_wconf 90' lang='lat' dir='ltr'>ideo</span> <span class='ocrx_word' id='word_1_467' title='bbox 768 3241 882 3310; x_wconf 87' lang='lat' dir='ltr'>iactum,</span> <span class='ocrx_word' id='word_1_468' title='bbox 905 3250 937 3299; x_wconf 89' lang='lat' dir='ltr'>ut</span> <span class='ocrx_word' id='word_1_469' title='bbox 986 3239 1095 3312; x_wconf 90' lang='lat' dir='ltr'>pmprie</span> <span class='ocrx_word' id='word_1_470' title='bbox 1108 3241 1142 3295; x_wconf 91' lang='lat' dir='ltr'>ad</span> <span class='ocrx_word' id='word_1_471' title='bbox 1157 3255 1257 3296; x_wconf 86' lang='lat' dir='ltr'>novum</span> <span class='ocrx_word' id='word_1_472' title='bbox 1274 3247 1466 3296; x_wconf 82' lang='lat' dir='ltr'>testamentum</span> <span class='ocrx_word' id='word_1_473' title='bbox 1489 3246 1517 3295; x_wconf 89' lang='lat' dir='ltr'>ei</span> <span class='ocrx_word' id='word_1_474' title='bbox 1532 3239 1710 3297; x_wconf 84' lang='lat' dir='ltr'>christianam</span> <span class='ocrx_word' id='word_1_475' title='bbox 1724 3254 1788 3311; x_wconf 88' lang='lat' dir='ltr'>per·</span> 
     </span>
     <span class='ocr_line' id='line_1_35' title="bbox 138 3330 1786 3408; baseline -0.002 -14"><span class='ocrx_word' id='word_1_476' title='bbox 138 3341 173 3395; x_wconf 87' lang='lat' dir='ltr'>ad</span> <span class='ocrx_word' id='word_1_477' title='bbox 185 3339 266 3396; x_wconf 86' lang='lat' dir='ltr'>aliam</span> <span class='ocrx_word' id='word_1_478' title='bbox 286 3339 426 3408; x_wconf 84' lang='lat' dir='ltr'>perteniat</span> <span class='ocrx_word' id='word_1_479' title='bbox 440 3347 616 3408; x_wconf 85' lang='lat' dir='ltr'>potestatem.</span> <span class='ocrx_word' id='word_1_480' title='bbox 988 3333 1056 3387; x_wconf 90' lang='lat' dir='ltr'>tinet</span> <span class='ocrx_word' id='word_1_481' title='bbox 1066 3331 1248 3402; x_wconf 84' lang='lat' dir='ltr'>disciplinam.</span> <span class='ocrx_word' id='word_1_482' title='bbox 1259 3330 1337 3401; x_wconf 83' lang='lat' dir='ltr'>Quod</span> <span class='ocrx_word' id='word_1_483' title='bbox 1350 3333 1374 3388; x_wconf 90' lang='lat' dir='ltr'>si</span> <span class='ocrx_word' id='word_1_484' title='bbox 1385 3331 1510 3388; x_wconf 85' lang='lat' dir='ltr'>Cbristus</span> <span class='ocrx_word' id='word_1_485' title='bbox 1519 3339 1547 3389; x_wconf 87' lang='lat' dir='ltr'>ei</span> <span class='ocrx_word' id='word_1_486' title='bbox 1559 3331 1685 3402; x_wconf 88' lang='lat' dir='ltr'>apostoli,</span> <span class='ocrx_word' id='word_1_487' title='bbox 1698 3339 1729 3389; x_wconf 85' lang='lat' dir='ltr'>et</span> <span class='ocrx_word' id='word_1_488' title='bbox 1739 3335 1786 3404; x_wconf 86' lang='lat' dir='ltr'>qui</span> 
     </span>
     <span class='ocr_line' id='line_1_36' title="bbox 173 3424 1788 3498; baseline -0.004 -12"><span class='ocrx_word' id='word_1_489' title='bbox 173 3431 200 3486; x_wconf 87' lang='lat'>8.</span> <span class='ocrx_word' id='word_1_490' title='bbox 215 3431 346 3486; x_wconf 88' lang='lat' dir='ltr'>iliramur</span> <span class='ocrx_word' id='word_1_491' title='bbox 359 3430 432 3485; x_wconf 91' lang='lat' dir='ltr'>unde</span> <span class='ocrx_word' id='word_1_492' title='bbox 448 3428 602 3491; x_wconf 83' lang='lat' dir='ltr'>accidisset,</span> <span class='ocrx_word' id='word_1_493' title='bbox 614 3436 645 3482; x_wconf 86' lang='lat' dir='ltr'>ut</span> <span class='ocrx_word' id='word_1_494' title='bbox 656 3428 737 3498; x_wconf 91' lang='lat' dir='ltr'>isqui</span> <span class='ocrx_word' id='word_1_495' title='bbox 751 3442 781 3484; x_wconf 87' lang='lat' dir='ltr'>te</span> <span class='ocrx_word' id='word_1_496' title='bbox 791 3426 938 3484; x_wconf 82' lang='lat' dir='ltr'>maiitotar</span> <span class='ocrx_word' id='word_1_497' title='bbox 987 3425 1124 3496; x_wconf 87' lang='lat' dir='ltr'>apostolos</span> <span class='ocrx_word' id='word_1_498' title='bbox 1136 3435 1209 3482; x_wconf 85' lang='lat' dir='ltr'>recte</span> <span class='ocrx_word' id='word_1_499' title='bbox 1221 3426 1307 3482; x_wconf 90' lang='lat' dir='ltr'>secuti</span> <span class='ocrx_word' id='word_1_500' title='bbox 1320 3433 1393 3493; x_wconf 91' lang='lat' dir='ltr'>sunt,</span> <span class='ocrx_word' id='word_1_501' title='bbox 1406 3425 1433 3480; x_wconf 92' lang='lat' dir='ltr'>in</span> <span class='ocrx_word' id='word_1_502' title='bbox 1444 3425 1629 3482; x_wconf 87' lang='lat' dir='ltr'>ecclesiastica</span> <span class='ocrx_word' id='word_1_503' title='bbox 1641 3424 1788 3496; x_wconf 83' lang='lat' dir='ltr'>disciplina</span> 
     </span>
     <span class='ocr_line' id='line_1_37' title="bbox 138 3510 1787 3590; baseline -0.005 -12"><span class='ocrx_word' id='word_1_504' title='bbox 138 3523 259 3578; x_wconf 82' lang='lat' dir='ltr'>seculum</span> <span class='ocrx_word' id='word_1_505' title='bbox 274 3521 530 3590; x_wconf 62' lang='lat' dir='ltr'>reliquiarumque</span> <span class='ocrx_word' id='word_1_506' title='bbox 544 3516 937 3575; x_wconf 86' lang='lat' dir='ltr'>omuinorultconsentircut</span> <span class='ocrx_word' id='word_1_507' title='bbox 987 3525 1050 3571; x_wconf 86' lang='lat' dir='ltr'>sunt</span> <span class='ocrx_word' id='word_1_508' title='bbox 1072 3514 1213 3586; x_wconf 88' lang='lat' dir='ltr'>sequendi,</span> <span class='ocrx_word' id='word_1_509' title='bbox 1237 3514 1316 3571; x_wconf 90' lang='lat' dir='ltr'>aliter</span> <span class='ocrx_word' id='word_1_510' title='bbox 1328 3514 1406 3571; x_wconf 86' lang='lat' dir='ltr'>nobis</span> <span class='ocrx_word' id='word_1_511' title='bbox 1423 3515 1451 3570; x_wconf 91' lang='lat' dir='ltr'>in</span> <span class='ocrx_word' id='word_1_512' title='bbox 1468 3513 1561 3570; x_wconf 89' lang='lat' dir='ltr'>multis</span> <span class='ocrx_word' id='word_1_513' title='bbox 1583 3512 1666 3569; x_wconf 87' lang='lat' dir='ltr'>rebus</span> <span class='ocrx_word' id='word_1_514' title='bbox 1683 3510 1787 3569; x_wconf 69' lang='lat' dir='ltr'>heien-</span> 
     </span>
     <span class='ocr_line' id='line_1_38' title="bbox 138 3595 1787 3682; baseline -0.006 -14"><span class='ocrx_word' id='word_1_515' title='bbox 138 3614 197 3682; x_wconf 92' lang='lat' dir='ltr'>ipse</span> <span class='ocrx_word' id='word_1_516' title='bbox 212 3628 228 3667; x_wconf 89' lang='lat' dir='ltr'>a</span> <span class='ocrx_word' id='word_1_517' title='bbox 242 3612 364 3682; x_wconf 89' lang='lat' dir='ltr'>quolibet</span> <span class='ocrx_word' id='word_1_518' title='bbox 373 3610 504 3667; x_wconf 88' lang='lat' dir='ltr'>secularis</span> <span class='ocrx_word' id='word_1_519' title='bbox 516 3619 638 3675; x_wconf 82' lang='lat' dir='ltr'>uocetur,</span> <span class='ocrx_word' id='word_1_520' title='bbox 650 3609 792 3665; x_wconf 81' lang='lat' dir='ltr'>armatos·</span> <span class='ocrx_word' id='word_1_521' title='bbox 811 3608 937 3667; x_wconf 81' lang='lat' dir='ltr'>homines</span> <span class='ocrx_word' id='word_1_522' title='bbox 987 3607 1051 3662; x_wconf 92' lang='lat' dir='ltr'>dum</span> <span class='ocrx_word' id='word_1_523' title='bbox 1063 3612 1105 3660; x_wconf 91' lang='lat' dir='ltr'>est</span> <span class='ocrx_word' id='word_1_524' title='bbox 1116 3620 1199 3676; x_wconf 91' lang='lat' dir='ltr'>quam</span> <span class='ocrx_word' id='word_1_525' title='bbox 1213 3618 1299 3675; x_wconf 87' lang='lat' dir='ltr'>usque</span> <span class='ocrx_word' id='word_1_526' title='bbox 1313 3595 1394 3660; x_wconf 91' lang='lat' dir='ltr'>modo</span> <span class='ocrx_word' id='word_1_527' title='bbox 1407 3602 1573 3668; x_wconf 73' lang='lat' dir='ltr'>lusissemus,</span> <span class='ocrx_word' id='word_1_528' title='bbox 1587 3602 1673 3658; x_wconf 88' lang='lat' dir='ltr'>multa</span> <span class='ocrx_word' id='word_1_529' title='bbox 1686 3603 1722 3659; x_wconf 85' lang='lat' dir='ltr'>de</span> <span class='ocrx_word' id='word_1_530' title='bbox 1734 3616 1787 3658; x_wconf 84' lang='lat' dir='ltr'>asu</span> 
     </span>
     <span class='ocr_line' id='line_1_39' title="bbox 140 3693 1788 3774; baseline -0.005 -16"><span class='ocrx_word' id='word_1_531' title='bbox 140 3705 245 3759; x_wconf 82' lang='lat' dir='ltr'>relitet</span> <span class='ocrx_word' id='word_1_532' title='bbox 262 3705 371 3774; x_wconf 89' lang='lat' dir='ltr'>propria</span> <span class='ocrx_word' id='word_1_533' title='bbox 389 3703 518 3765; x_wconf 86' lang='lat' dir='ltr'>retinere,</span> <span class='ocrx_word' id='word_1_534' title='bbox 540 3715 603 3757; x_wconf 89' lang='lat' dir='ltr'>cum</span> <span class='ocrx_word' id='word_1_535' title='bbox 626 3699 660 3755; x_wconf 87' lang='lat' dir='ltr'>ad</span> <span class='ocrx_word' id='word_1_536' title='bbox 681 3700 794 3770; x_wconf 81' lang='lat' dir='ltr'>eosqui</span> <span class='ocrx_word' id='word_1_537' title='bbox 815 3698 936 3755; x_wconf 87' lang='lat' dir='ltr'>nondum</span> <span class='ocrx_word' id='word_1_538' title='bbox 986 3705 1015 3754; x_wconf 88' lang='lat' dir='ltr'>ct</span> <span class='ocrx_word' id='word_1_539' title='bbox 1043 3696 1240 3753; x_wconf 86' lang='lat' dir='ltr'>consuetudine</span> <span class='ocrx_word' id='word_1_540' title='bbox 1268 3702 1362 3751; x_wconf 87' lang='lat' dir='ltr'>nostra</span> <span class='ocrx_word' id='word_1_541' title='bbox 1388 3693 1543 3761; x_wconf 71' lang='lat' dir='ltr'>auferenda,</span> <span class='ocrx_word' id='word_1_542' title='bbox 1567 3702 1595 3749; x_wconf 93' lang='lat' dir='ltr'>ct</span> <span class='ocrx_word' id='word_1_543' title='bbox 1614 3709 1671 3749; x_wconf 88' lang='lat' dir='ltr'>non</span> <span class='ocrx_word' id='word_1_544' title='bbox 1694 3693 1788 3750; x_wconf 83' lang='lat' dir='ltr'>minas</span> 
     </span>
     <span class='ocr_line' id='line_1_40' title="bbox 139 3784 1639 3861; baseline -0.008 -9"><span class='ocrx_word' id='word_1_545' title='bbox 139 3797 167 3852; x_wconf 89' lang='lat' dir='ltr'>in</span> <span class='ocrx_word' id='word_1_546' title='bbox 188 3804 275 3852; x_wconf 89' lang='lat' dir='ltr'>totum</span> <span class='ocrx_word' id='word_1_547' title='bbox 289 3795 409 3851; x_wconf 89' lang='lat' dir='ltr'>seculum</span> <span class='ocrx_word' id='word_1_548' title='bbox 429 3792 657 3849; x_wconf 83' lang='lat' dir='ltr'>renunciaverunt</span> <span class='ocrx_word' id='word_1_549' title='bbox 669 3791 721 3847; x_wconf 88' lang='lat' dir='ltr'>boc</span> <span class='ocrx_word' id='word_1_550' title='bbox 733 3790 888 3861; x_wconf 77' lang='lat' dir='ltr'>pertincatt</span> <span class='ocrx_word' id='word_1_551' title='bbox 901 3788 936 3847; x_wconf 89' lang='lat' dir='ltr'>ad</span> <span class='ocrx_word' id='word_1_552' title='bbox 986 3789 1081 3854; x_wconf 88' lang='lat' dir='ltr'>multa,</span> <span class='ocrx_word' id='word_1_553' title='bbox 1096 3796 1287 3861; x_wconf 86' lang='lat' dir='ltr'>quaeactenus</span> <span class='ocrx_word' id='word_1_554' title='bbox 1301 3784 1490 3852; x_wconf 80' lang='lat' dir='ltr'>malcolmus,</span> <span class='ocrx_word' id='word_1_555' title='bbox 1505 3784 1639 3841; x_wconf 86' lang='lat' dir='ltr'>iacienda.</span> 
     </span>
     <span class='ocr_line' id='line_1_41' title="bbox 138 3875 1785 3956; baseline -0.007 -12"><span class='ocrx_word' id='word_1_556' title='bbox 138 3887 338 3944; x_wconf 85' lang='lat' dir='ltr'>ecclesiasticos</span> <span class='ocrx_word' id='word_1_557' title='bbox 351 3901 417 3942; x_wconf 82' lang='lat' dir='ltr'>vero</span> <span class='ocrx_word' id='word_1_558' title='bbox 430 3885 566 3956; x_wconf 90' lang='lat' dir='ltr'>quomodo</span> <span class='ocrx_word' id='word_1_559' title='bbox 578 3884 649 3940; x_wconf 87' lang='lat' dir='ltr'>iuste</span> <span class='ocrx_word' id='word_1_560' title='bbox 660 3884 806 3954; x_wconf 82' lang='lat' dir='ltr'>pertineat,</span> <span class='ocrx_word' id='word_1_561' title='bbox 828 3882 938 3952; x_wconf 80' lang='lat' dir='ltr'>penitus</span> <span class='ocrx_word' id='word_1_562' title='bbox 1024 3883 1067 3938; x_wconf 78' lang='lat' dir='ltr'>it.</span> <span class='ocrx_word' id='word_1_563' title='bbox 1087 3881 1145 3950; x_wconf 83' lang='lat' dir='ltr'>Qua</span> <span class='ocrx_word' id='word_1_564' title='bbox 1167 3892 1179 3920; x_wconf 72' lang='grc' dir='ltr'>ι</span> <span class='ocrx_word' id='word_1_565' title='bbox 1206 3879 1299 3952; x_wconf 70' lang='lat' dir='ltr'>regula</span> <span class='ocrx_word' id='word_1_566' title='bbox 1322 3878 1448 3935; x_wconf 84' lang='lat' dir='ltr'>monachi</span> <span class='ocrx_word' id='word_1_567' title='bbox 1472 3879 1604 3933; x_wconf 77' lang='lat' dir='ltr'>vixissent</span> <span class='ocrx_word' id='word_1_568' title='bbox 1628 3878 1657 3931; x_wconf 91' lang='lat' dir='ltr'>ln</span> <span class='ocrx_word' id='word_1_569' title='bbox 1684 3875 1785 3943; x_wconf 82' lang='lat' dir='ltr'>Gallia,</span> 
     </span>
     <span class='ocr_line' id='line_1_42' title="bbox 138 3963 1786 4050; baseline -0.008 -15"><span class='ocrx_word' id='word_1_570' title='bbox 138 3980 306 4050; x_wconf 76' lang='lat' dir='ltr'>ignoranuts,</span> <span class='ocrx_word' id='word_1_571' title='bbox 320 3978 372 4033; x_wconf 91' lang='lat' dir='ltr'>nisi</span> <span class='ocrx_word' id='word_1_572' title='bbox 384 3977 422 4031; x_wconf 92' lang='lat' dir='ltr'>illi</span> <span class='ocrx_word' id='word_1_573' title='bbox 435 3976 514 4032; x_wconf 92' lang='lat' dir='ltr'>nobis</span> <span class='ocrx_word' id='word_1_574' title='bbox 527 3975 725 4032; x_wconf 84' lang='lat' dir='ltr'>insinuaverint</span> <span class='ocrx_word' id='word_1_575' title='bbox 736 3975 782 4045; x_wconf 92' lang='lat' dir='ltr'>qui</span> <span class='ocrx_word' id='word_1_576' title='bbox 791 3972 860 4032; x_wconf 87' lang='lat' dir='ltr'>haec</span> <span class='ocrx_word' id='word_1_577' title='bbox 869 3988 937 4046; x_wconf 87' lang='lat' dir='ltr'>qua·</span> <span class='ocrx_word' id='word_1_578' title='bbox 986 3972 1143 4042; x_wconf 87' lang='lat' dir='ltr'>priusquam</span> <span class='ocrx_word' id='word_1_579' title='bbox 1155 3968 1246 4041; x_wconf 79' lang='lat' dir='ltr'>regula</span> <span class='ocrx_word' id='word_1_580' title='bbox 1257 3967 1345 4024; x_wconf 85' lang='lat' dir='ltr'>sancti</span> <span class='ocrx_word' id='word_1_581' title='bbox 1355 3966 1492 4023; x_wconf 79' lang='lat' dir='ltr'>Benedicti</span> <span class='ocrx_word' id='word_1_582' title='bbox 1513 3966 1540 4020; x_wconf 94' lang='lat' dir='ltr'>in</span> <span class='ocrx_word' id='word_1_583' title='bbox 1555 3980 1586 4022; x_wconf 86' lang='lat' dir='ltr'>ca</span> <span class='ocrx_word' id='word_1_584' title='bbox 1600 3966 1703 4019; x_wconf 88' lang='lat' dir='ltr'>tradita</span> <span class='ocrx_word' id='word_1_585' title='bbox 1718 3963 1786 4021; x_wconf 86' lang='lat' dir='ltr'>iuis-</span> 
     </span>
     <span class='ocr_line' id='line_1_43' title="bbox 139 4053 1786 4140; baseline -0.011 -14"><span class='ocrx_word' id='word_1_586' title='bbox 139 4073 161 4126; x_wconf 88' lang='lat' dir='ltr'>si</span> <span class='ocrx_word' id='word_1_587' title='bbox 174 4071 248 4126; x_wconf 90' lang='lat' dir='ltr'>licita</span> <span class='ocrx_word' id='word_1_588' title='bbox 260 4083 392 4140; x_wconf 81' lang='lat' dir='ltr'>usurpare</span> <span class='ocrx_word' id='word_1_589' title='bbox 403 4085 459 4125; x_wconf 89' lang='lat' dir='ltr'>nou</span> <span class='ocrx_word' id='word_1_590' title='bbox 470 4066 609 4123; x_wconf 85' lang='lat' dir='ltr'>dubitant.</span> <span class='ocrx_word' id='word_1_591' title='bbox 987 4073 1039 4129; x_wconf 82' lang='lat' dir='ltr'>set,</span> <span class='ocrx_word' id='word_1_592' title='bbox 1055 4077 1117 4119; x_wconf 91' lang='lat' dir='ltr'>cum</span> <span class='ocrx_word' id='word_1_593' title='bbox 1131 4060 1254 4131; x_wconf 75' lang='lat' dir='ltr'>legamus</span> <span class='ocrx_word' id='word_1_594' title='bbox 1266 4066 1390 4113; x_wconf 87' lang='lat' dir='ltr'>sancium</span> <span class='ocrx_word' id='word_1_595' title='bbox 1412 4056 1556 4111; x_wconf 88' lang='lat' dir='ltr'>ilartirmm</span> <span class='ocrx_word' id='word_1_596' title='bbox 1577 4063 1605 4109; x_wconf 89' lang='lat' dir='ltr'>et</span> <span class='ocrx_word' id='word_1_597' title='bbox 1619 4053 1786 4110; x_wconf 78' lang='lat' dir='ltr'>monachata</span> 
     </span>
     <span class='ocr_line' id='line_1_44' title="bbox 175 4145 1788 4232; baseline -0.014 -10"><span class='ocrx_word' id='word_1_598' title='bbox 175 4165 202 4222; x_wconf 79' lang='grc'>9.</span> <span class='ocrx_word' id='word_1_599' title='bbox 224 4163 294 4231; x_wconf 83' lang='lat' dir='ltr'>Quid</span> <span class='ocrx_word' id='word_1_600' title='bbox 316 4173 328 4202; x_wconf 59' lang='grc' dir='ltr'>ι</span> <span class='ocrx_word' id='word_1_601' title='bbox 348 4161 534 4232; x_wconf 85' lang='lat' dir='ltr'>unusquisque</span> <span class='ocrx_word' id='word_1_602' title='bbox 557 4159 668 4216; x_wconf 80' lang='lat' dir='ltr'>Christo</span> <span class='ocrx_word' id='word_1_603' title='bbox 681 4160 709 4215; x_wconf 91' lang='lat' dir='ltr'>in</span> <span class='ocrx_word' id='word_1_604' title='bbox 723 4158 859 4228; x_wconf 83' lang='lat' dir='ltr'>baptismo</span> <span class='ocrx_word' id='word_1_605' title='bbox 872 4172 937 4231; x_wconf 91' lang='lat' dir='ltr'>pro-</span> <span class='ocrx_word' id='word_1_606' title='bbox 987 4157 1070 4212; x_wconf 75' lang='lat' dir='ltr'>luisse</span> <span class='ocrx_word' id='word_1_607' title='bbox 1086 4163 1114 4210; x_wconf 91' lang='lat' dir='ltr'>et</span> <span class='ocrx_word' id='word_1_608' title='bbox 1128 4153 1179 4208; x_wconf 90' lang='lat' dir='ltr'>sub</span> <span class='ocrx_word' id='word_1_609' title='bbox 1194 4167 1224 4207; x_wconf 86' lang='lat' dir='ltr'>se</span> <span class='ocrx_word' id='word_1_610' title='bbox 1238 4151 1384 4206; x_wconf 83' lang='lat' dir='ltr'>monachos</span> <span class='ocrx_word' id='word_1_611' title='bbox 1396 4146 1598 4216; x_wconf 58' lang='lat' dir='ltr'>habuissent</span> <span class='ocrx_word' id='word_1_612' title='bbox 1615 4145 1703 4202; x_wconf 87' lang='lat' dir='ltr'>multo</span> <span class='ocrx_word' id='word_1_613' title='bbox 1722 4152 1788 4200; x_wconf 80' lang='lat' dir='ltr'>arria</span> 
     </span>
     <span class='ocr_line' id='line_1_45' title="bbox 139 4239 1320 4323; baseline -0.014 -13"><span class='ocrx_word' id='word_1_614' title='bbox 139 4255 243 4320; x_wconf 81' lang='lat' dir='ltr'>rtiittat,</span> <span class='ocrx_word' id='word_1_615' title='bbox 268 4253 311 4310; x_wconf 82' lang='lat' dir='ltr'>uel</span> <span class='ocrx_word' id='word_1_616' title='bbox 327 4254 425 4323; x_wconf 89' lang='lat' dir='ltr'>quibus</span> <span class='ocrx_word' id='word_1_617' title='bbox 440 4251 530 4308; x_wconf 82' lang='lat' dir='ltr'>musis</span> <span class='ocrx_word' id='word_1_618' title='bbox 547 4249 743 4316; x_wconf 81' lang='lat' dir='ltr'>abrenunciai3</span> <span class='ocrx_word' id='word_1_619' title='bbox 766 4256 798 4304; x_wconf 87' lang='lat' dir='ltr'>ut</span> <span class='ocrx_word' id='word_1_620' title='bbox 812 4247 938 4319; x_wconf 82' lang='lat' dir='ltr'>quamuis</span> <span class='ocrx_word' id='word_1_621' title='bbox 987 4255 1083 4302; x_wconf 82' lang='lat' dir='ltr'>sancto</span> <span class='ocrx_word' id='word_1_622' title='bbox 1096 4244 1242 4300; x_wconf 76' lang='grc' dir='ltr'>ιιιιιιιιιιιο</span> <span class='ocrx_word' id='word_1_623' title='bbox 1258 4239 1320 4296; x_wconf 85' lang='lat' dir='ltr'>luit.</span> 
     </span>
     <span class='ocr_line' id='line_1_46' title="bbox 139 4328 1788 4413; baseline -0.009 -14"><span class='ocrx_word' id='word_1_624' title='bbox 139 4345 285 4413; x_wconf 89' lang='lat' dir='ltr'>unicuique</span> <span class='ocrx_word' id='word_1_625' title='bbox 306 4342 456 4399; x_wconf 86' lang='lat' dir='ltr'>christiano</span> <span class='ocrx_word' id='word_1_626' title='bbox 477 4339 704 4397; x_wconf 83' lang='lat' dir='ltr'>cottsiderandum</span> <span class='ocrx_word' id='word_1_627' title='bbox 718 4337 767 4404; x_wconf 85' lang='lat' dir='ltr'>sit,</span> <span class='ocrx_word' id='word_1_628' title='bbox 781 4335 937 4407; x_wconf 83' lang='lat' dir='ltr'>specialiter</span> <span class='ocrx_word' id='word_1_629' title='bbox 1024 4340 1068 4394; x_wconf 76' lang='grc' dir='ltr'>ιδ.</span> <span class='ocrx_word' id='word_1_630' title='bbox 1089 4338 1127 4392; x_wconf 83' lang='grc' dir='ltr'>ιιι</span> <span class='ocrx_word' id='word_1_631' title='bbox 1140 4333 1377 4392; x_wconf 84' lang='lat' dir='ltr'>sanctimonalium</span> <span class='ocrx_word' id='word_1_632' title='bbox 1392 4341 1419 4390; x_wconf 92' lang='lat' dir='ltr'>et</span> <span class='ocrx_word' id='word_1_633' title='bbox 1429 4330 1589 4387; x_wconf 85' lang='lat' dir='ltr'>ancillarum</span> <span class='ocrx_word' id='word_1_634' title='bbox 1606 4328 1656 4385; x_wconf 86' lang='lat' dir='ltr'>liei</span> <span class='ocrx_word' id='word_1_635' title='bbox 1671 4342 1788 4385; x_wconf 58' lang='lat' dir='ltr'>conver*</span> 
     </span>
     <span class='ocr_line' id='line_1_47' title="bbox 141 4394 1105 4501; baseline -0.01 -12"><span class='ocrx_word' id='word_1_636' title='bbox 141 4445 233 4490; x_wconf 89' lang='lat' dir='ltr'>tamen</span> <span class='ocrx_word' id='word_1_637' title='bbox 244 4435 279 4491; x_wconf 87' lang='lat' dir='ltr'>ab</span> <span class='ocrx_word' id='word_1_638' title='bbox 289 4431 484 4490; x_wconf 85' lang='lat' dir='ltr'>eoclesiasticis</span> <span class='ocrx_word' id='word_1_639' title='bbox 491 4427 693 4500; x_wconf 87' lang='lat' dir='ltr'>inquirendum,</span> <span class='ocrx_word' id='word_1_640' title='bbox 708 4428 754 4501; x_wconf 88' lang='lat' dir='ltr'>qui</span> <span class='ocrx_word' id='word_1_641' title='bbox 767 4426 845 4483; x_wconf 90' lang='lat' dir='ltr'>laicis</span> <span class='ocrx_word' id='word_1_642' title='bbox 852 4426 937 4497; x_wconf 91' lang='lat' dir='ltr'>ipsius</span> <span class='ocrx_word' id='word_1_643' title='bbox 952 4394 1105 4485; x_wconf 67' lang='lat' dir='ltr'>I‘satione</span> 
     </span>
     <span class='ocr_line' id='line_1_48' title="bbox 140 4516 940 4595; baseline -0.014 -13"><span class='ocrx_word' id='word_1_644' title='bbox 140 4524 328 4595; x_wconf 81' lang='lat' dir='ltr'>prontissiouis</span> <span class='ocrx_word' id='word_1_645' title='bbox 345 4530 374 4578; x_wconf 87' lang='lat' dir='ltr'>ei</span> <span class='ocrx_word' id='word_1_646' title='bbox 394 4517 642 4578; x_wconf 84' lang='lat' dir='ltr'>abrenunciationis</span> <span class='ocrx_word' id='word_1_647' title='bbox 655 4517 684 4575; x_wconf 94' lang='lat' dir='ltr'>in</span> <span class='ocrx_word' id='word_1_648' title='bbox 705 4532 753 4573; x_wconf 86' lang='lat' dir='ltr'>sua</span> <span class='ocrx_word' id='word_1_649' title='bbox 773 4516 828 4571; x_wconf 86' lang='lat' dir='ltr'>uita</span> <span class='ocrx_word' id='word_1_650' title='bbox 847 4530 940 4571; x_wconf 85' lang='lat' dir='ltr'>exem-</span> 
     </span>
     <span class='ocr_line' id='line_1_49' title="bbox 756 4605 1175 4668; baseline -0.021 0"><span class='ocrx_word' id='word_1_651' title='bbox 756 4609 953 4668; x_wconf 72' lang='lat' dir='ltr'>tautanius</span> <span class='ocrx_word' id='word_1_652' title='bbox 971 4605 1175 4664; x_wconf 64' lang='lat' dir='ltr'>lectiones,</span> 
     </span>
    </p>
   </div>
   <div class='ocr_carea' id='block_1_3' title="bbox 141 4686 1789 4918">
    <p class='ocr_par' dir='ltr' id='par_1_3' title="bbox 141 4686 1789 4918">
     <span class='ocr_line' id='line_1_50' title="bbox 179 4686 1787 4790; baseline -0.014 -28"><span class='ocrx_word' id='word_1_653' title='bbox 179 4707 225 4778; x_wconf 87' lang='lat' dir='ltr'>¹p.</span> <span class='ocrx_word' id='word_1_654' title='bbox 246 4705 293 4790; x_wconf 79' lang='lat' dir='ltr'>qui</span> <span class='ocrx_word' id='word_1_655' title='bbox 308 4706 334 4760; x_wconf 92' lang='grc' dir='ltr'>ι.</span> <span class='ocrx_word' id='word_1_656' title='bbox 370 4706 568 4775; x_wconf 81' lang='lat' dir='ltr'>‘paternarum</span> <span class='ocrx_word' id='word_1_657' title='bbox 586 4702 612 4756; x_wconf 92' lang='grc' dir='ltr'>ι.</span> <span class='ocrx_word' id='word_1_658' title='bbox 627 4701 655 4757; x_wconf 75' lang='lat'>2.</span> <span class='ocrx_word' id='word_1_659' title='bbox 693 4699 830 4770; x_wconf 77' lang='lat' dir='ltr'>⁸inquirit</span> <span class='ocrx_word' id='word_1_660' title='bbox 842 4715 911 4756; x_wconf 82' lang='lat' dir='ltr'>corr.</span> <span class='ocrx_word' id='word_1_661' title='bbox 928 4697 1093 4781; x_wconf 74' lang='lat' dir='ltr'>adquiratl.</span> <span class='ocrx_word' id='word_1_662' title='bbox 1131 4690 1482 4774; x_wconf 58' lang='lat' dir='ltr'>‘episcopispalamsiib</span> <span class='ocrx_word' id='word_1_663' title='bbox 1521 4686 1787 4771; x_wconf 63' lang='lat' dir='ltr'>&#39;irremunerati-</span> 
     </span>
     <span class='ocr_line' id='line_1_51' title="bbox 142 4759 1789 4841; baseline -0.012 -7"><span class='ocrx_word' id='word_1_664' title='bbox 142 4775 288 4835; x_wconf 83' lang='lat' dir='ltr'>toeremtirr</span> <span class='ocrx_word' id='word_1_665' title='bbox 299 4778 368 4831; x_wconf 74' lang='lat' dir='ltr'>uiam</span> <span class='ocrx_word' id='word_1_666' title='bbox 381 4780 592 4839; x_wconf 81' lang='lat' dir='ltr'>turn;armaios</span> <span class='ocrx_word' id='word_1_667' title='bbox 608 4772 699 4827; x_wconf 76' lang='lat' dir='ltr'>bomt</span> <span class='ocrx_word' id='word_1_668' title='bbox 722 4788 729 4825; x_wconf 93' lang='lat'>:</span> <span class='ocrx_word' id='word_1_669' title='bbox 752 4784 760 4824; x_wconf 90' lang='lat'><strong>:</strong></span> <span class='ocrx_word' id='word_1_670' title='bbox 780 4788 787 4825; x_wconf 91' lang='lat'>:</span> <span class='ocrx_word' id='word_1_671' title='bbox 809 4779 858 4825; x_wconf 86' lang='lat' dir='ltr'>:et</span> <span class='ocrx_word' id='word_1_672' title='bbox 871 4784 898 4841; x_wconf 90' lang='lat' dir='ltr'>p.</span> <span class='ocrx_word' id='word_1_673' title='bbox 910 4778 1029 4824; x_wconf 82' lang='lat' dir='ltr'>ruttrmrc</span> <span class='ocrx_word' id='word_1_674' title='bbox 1039 4784 1110 4821; x_wconf 87' lang='lat' dir='ltr'>corr.</span> <span class='ocrx_word' id='word_1_675' title='bbox 1130 4773 1252 4820; x_wconf 87' lang='lat' dir='ltr'>armatus</span> <span class='ocrx_word' id='word_1_676' title='bbox 1271 4765 1353 4818; x_wconf 87' lang='lat' dir='ltr'>bomo</span> <span class='ocrx_word' id='word_1_677' title='bbox 1375 4776 1438 4816; x_wconf 85' lang='lat' dir='ltr'>euru</span> <span class='ocrx_word' id='word_1_678' title='bbox 1460 4770 1506 4827; x_wconf 81' lang='lat' dir='ltr'>stt,</span> <span class='ocrx_word' id='word_1_679' title='bbox 1531 4768 1561 4816; x_wconf 78' lang='lat' dir='ltr'>ei</span> <span class='ocrx_word' id='word_1_680' title='bbox 1583 4774 1611 4828; x_wconf 90' lang='lat' dir='ltr'>p.</span> <span class='ocrx_word' id='word_1_681' title='bbox 1631 4759 1789 4815; x_wconf 75' lang='lat' dir='ltr'>velitren-</span> 
     </span>
     <span class='ocr_line' id='line_1_52' title="bbox 141 4830 1785 4918; baseline -0.012 -13"><span class='ocrx_word' id='word_1_682' title='bbox 141 4847 243 4905; x_wconf 85' lang='lat' dir='ltr'>nerel.</span> <span class='ocrx_word' id='word_1_683' title='bbox 279 4844 581 4916; x_wconf 70' lang='lat' dir='ltr'>‘quaeeoracuiusb</span> <span class='ocrx_word' id='word_1_684' title='bbox 617 4841 806 4918; x_wconf 76' lang='lat' dir='ltr'>&#39;paucitatem</span> <span class='ocrx_word' id='word_1_685' title='bbox 818 4856 887 4896; x_wconf 84' lang='lat' dir='ltr'>corr.</span> <span class='ocrx_word' id='word_1_686' title='bbox 903 4837 1086 4895; x_wconf 86' lang='lat' dir='ltr'>utilitateml.</span> <span class='ocrx_word' id='word_1_687' title='bbox 1123 4835 1245 4905; x_wconf 80' lang='lat' dir='ltr'>⁸probet</span> <span class='ocrx_word' id='word_1_688' title='bbox 1259 4832 1476 4903; x_wconf 72' lang='lat' dir='ltr'>coraprob’ut.</span> <span class='ocrx_word' id='word_1_689' title='bbox 1513 4830 1704 4887; x_wconf 79' lang='lat' dir='ltr'>&#39;reuerendus</span> <span class='ocrx_word' id='word_1_690' title='bbox 1714 4843 1785 4885; x_wconf 78' lang='lat' dir='ltr'>corr.</span> 
     </span>
    </p>
   </div>
   <div class='ocr_carea' id='block_1_4' title="bbox 141 4917 380 4991">
    <p class='ocr_par' dir='ltr' id='par_1_4' title="bbox 141 4917 380 4991">
     <span class='ocr_line' id='line_1_53' title="bbox 141 4917 380 4991; baseline -0.017 -15"><span class='ocrx_word' id='word_1_691' title='bbox 141 4917 337 4991; x_wconf 84' lang='lat' dir='ltr'>praelerendus</span> <span class='ocrx_word' id='word_1_692' title='bbox 353 4917 380 4974; x_wconf 89' lang='lat' dir='ltr'>i.</span> 
     </span>
    </p>
   </div>
   <div class='ocr_carea' id='block_1_5' title="bbox 906 5017 1032 5077">
    <p class='ocr_par' dir='ltr' id='par_1_5' title="bbox 906 5017 1032 5077">
     <span class='ocr_line' id='line_1_54' title="bbox 906 5017 1032 5077; baseline -0.016 0"><span class='ocrx_word' id='word_1_693' title='bbox 906 5017 1032 5077; x_wconf 64' lang='lat' dir='ltr'>riuum:</span> 
     </span>
    </p>
   </div>
   <div class='ocr_carea' id='block_1_6' title="bbox 145 5098 1789 5477">
    <p class='ocr_par' dir='ltr' id='par_1_6' title="bbox 145 5098 1789 5477">
     <span class='ocr_line' id='line_1_55' title="bbox 179 5098 1787 5200; baseline -0.016 -19"><span class='ocrx_word' id='word_1_694' title='bbox 179 5136 193 5166; x_wconf 81' lang='lat'><strong>¹</strong></span> <span class='ocrx_word' id='word_1_695' title='bbox 210 5122 328 5180; x_wconf 87' lang='lat' dir='ltr'>Libellus</span> <span class='ocrx_word' id='word_1_696' title='bbox 341 5134 451 5190; x_wconf 80' lang='lat' dir='ltr'>prectnn</span> <span class='ocrx_word' id='word_1_697' title='bbox 464 5117 610 5175; x_wconf 88' lang='lat' dir='ltr'>llarccllini</span> <span class='ocrx_word' id='word_1_698' title='bbox 628 5123 656 5172; x_wconf 92' lang='lat' dir='ltr'>et</span> <span class='ocrx_word' id='word_1_699' title='bbox 667 5113 799 5180; x_wconf 77' lang='lat' dir='ltr'>Faustini,</span> <span class='ocrx_word' id='word_1_700' title='bbox 809 5129 871 5200; x_wconf 71' lang='lat' dir='ltr'>paq.</span> <span class='ocrx_word' id='word_1_701' title='bbox 886 5115 933 5180; x_wconf 78' lang='lat' dir='ltr'>tt,</span> <span class='ocrx_word' id='word_1_702' title='bbox 1020 5112 1035 5152; x_wconf 73' lang='lat' dir='ltr'>l</span> <span class='ocrx_word' id='word_1_703' title='bbox 1054 5109 1234 5179; x_wconf 78' lang='lat' dir='ltr'>llicmnymus</span> <span class='ocrx_word' id='word_1_704' title='bbox 1248 5105 1275 5160; x_wconf 94' lang='lat' dir='ltr'>in</span> <span class='ocrx_word' id='word_1_705' title='bbox 1288 5103 1425 5175; x_wconf 87' lang='lat' dir='ltr'>epitaphio</span> <span class='ocrx_word' id='word_1_706' title='bbox 1434 5100 1598 5186; x_wconf 83' lang='lat' dir='ltr'>Nepotiani:</span> <span class='ocrx_word' id='word_1_707' title='bbox 1620 5117 1629 5150; x_wconf 79' lang='lat' dir='ltr'>a</span> <span class='ocrx_word' id='word_1_708' title='bbox 1643 5098 1698 5154; x_wconf 87' lang='lat' dir='ltr'>iiiii</span> <span class='ocrx_word' id='word_1_709' title='bbox 1708 5114 1787 5156; x_wconf 73' lang='lat' dir='ltr'>num</span> 
     </span>
     <span class='ocr_line' id='line_1_56' title="bbox 147 5169 1788 5263; baseline -0.013 -17"><span class='ocrx_word' id='word_1_710' title='bbox 147 5213 157 5246; x_wconf 76' lang='lat' dir='ltr'>c</span> <span class='ocrx_word' id='word_1_711' title='bbox 172 5203 424 5263; x_wconf 86' lang='lat' dir='ltr'>contemptorerum</span> <span class='ocrx_word' id='word_1_712' title='bbox 437 5189 606 5246; x_wconf 71' lang='lat' dir='ltr'>secularium</span> <span class='ocrx_word' id='word_1_713' title='bbox 617 5195 645 5242; x_wconf 91' lang='grc' dir='ltr'>ιι</span> <span class='ocrx_word' id='word_1_714' title='bbox 652 5188 776 5241; x_wconf 79' lang='lat' dir='ltr'>bumana</span> <span class='ocrx_word' id='word_1_715' title='bbox 783 5184 886 5256; x_wconf 74' lang='lat' dir='ltr'>gloriae,</span> <span class='ocrx_word' id='word_1_716' title='bbox 899 5185 935 5240; x_wconf 93' lang='lat' dir='ltr'>ad</span> <span class='ocrx_word' id='word_1_717' title='bbox 985 5197 1059 5238; x_wconf 89' lang='lat' dir='ltr'>mum</span> <span class='ocrx_word' id='word_1_718' title='bbox 1073 5180 1172 5236; x_wconf 85' lang='lat' dir='ltr'>addent</span> <span class='ocrx_word' id='word_1_719' title='bbox 1184 5192 1305 5241; x_wconf 92' lang='lat' dir='ltr'>nummo,</span> <span class='ocrx_word' id='word_1_720' title='bbox 1318 5183 1347 5230; x_wconf 89' lang='lat' dir='ltr'>ei</span> <span class='ocrx_word' id='word_1_721' title='bbox 1360 5188 1527 5256; x_wconf 70' lang='lat' dir='ltr'>marsupium</span> <span class='ocrx_word' id='word_1_722' title='bbox 1540 5169 1714 5253; x_wconf 70' lang='lat' dir='ltr'>suffocantes,</span> <span class='ocrx_word' id='word_1_723' title='bbox 1727 5184 1788 5225; x_wconf 84' lang='lat' dir='ltr'>ma·</span> 
     </span>
     <span class='ocr_line' id='line_1_57' title="bbox 145 5241 1789 5335; baseline -0.015 -14"><span class='ocrx_word' id='word_1_724' title='bbox 145 5281 225 5335; x_wconf 90' lang='lat' dir='ltr'>qnam</span> <span class='ocrx_word' id='word_1_725' title='bbox 239 5264 359 5334; x_wconf 89' lang='lat' dir='ltr'>plerique</span> <span class='ocrx_word' id='word_1_726' title='bbox 376 5261 513 5324; x_wconf 87' lang='lat' dir='ltr'>nilectant,</span> <span class='ocrx_word' id='word_1_727' title='bbox 531 5259 613 5316; x_wconf 86' lang='lat' dir='ltr'>etiam</span> <span class='ocrx_word' id='word_1_728' title='bbox 625 5258 671 5327; x_wconf 92' lang='lat' dir='ltr'>qui</span> <span class='ocrx_word' id='word_1_729' title='bbox 683 5271 713 5311; x_wconf 93' lang='lat' dir='ltr'>se</span> <span class='ocrx_word' id='word_1_730' title='bbox 726 5255 825 5312; x_wconf 77' lang='lat' dir='ltr'>saeculo</span> <span class='ocrx_word' id='word_1_731' title='bbox 835 5264 862 5311; x_wconf 89' lang='lat' dir='ltr'>et</span> <span class='ocrx_word' id='word_1_732' title='bbox 872 5271 938 5310; x_wconf 89' lang='lat' dir='ltr'>con·</span> <span class='ocrx_word' id='word_1_733' title='bbox 988 5262 1128 5308; x_wconf 91' lang='lat' dir='ltr'>tronarum</span> <span class='ocrx_word' id='word_1_734' title='bbox 1144 5263 1209 5318; x_wconf 86' lang='lat' dir='ltr'>opes</span> <span class='ocrx_word' id='word_1_735' title='bbox 1223 5254 1356 5303; x_wconf 82' lang='lat' dir='ltr'>uertentur</span> <span class='ocrx_word' id='word_1_736' title='bbox 1372 5245 1519 5314; x_wconf 81' lang='lat' dir='ltr'>obsequiis,</span> <span class='ocrx_word' id='word_1_737' title='bbox 1535 5249 1590 5299; x_wconf 82' lang='lat' dir='ltr'>sant</span> <span class='ocrx_word' id='word_1_738' title='bbox 1604 5241 1789 5299; x_wconf 73' lang='lat' dir='ltr'>utercum-</span> 
     </span>
     <span class='ocr_line' id='line_1_58' title="bbox 145 5309 1544 5405; baseline -0.017 -14"><span class='ocrx_word' id='word_1_739' title='bbox 145 5334 316 5405; x_wconf 79' lang='lat' dir='ltr'>cupiscentiae</span> <span class='ocrx_word' id='word_1_740' title='bbox 334 5333 423 5388; x_wconf 88' lang='lat' dir='ltr'>carnis</span> <span class='ocrx_word' id='word_1_741' title='bbox 445 5329 650 5387; x_wconf 88' lang='lat' dir='ltr'>abrenuntiasse</span> <span class='ocrx_word' id='word_1_742' title='bbox 675 5326 742 5397; x_wconf 76' lang='lat' dir='ltr'>glori</span> <span class='ocrx_word' id='word_1_743' title='bbox 753 5335 834 5380; x_wconf 80' lang='lat' dir='ltr'>niun</span> <span class='ocrx_word' id='word_1_744' title='bbox 849 5345 860 5378; x_wconf 80' lang='lat' dir='ltr'>r</span> <span class='ocrx_word' id='word_1_745' title='bbox 874 5325 937 5381; x_wconf 89' lang='lat' dir='ltr'>llic-</span> <span class='ocrx_word' id='word_1_746' title='bbox 987 5323 1066 5378; x_wconf 85' lang='lat' dir='ltr'>naciri</span> <span class='ocrx_word' id='word_1_747' title='bbox 1082 5335 1163 5390; x_wconf 88' lang='lat' dir='ltr'>quarn</span> <span class='ocrx_word' id='word_1_748' title='bbox 1188 5316 1295 5373; x_wconf 88' lang='lat' dir='ltr'>iuemnt</span> <span class='ocrx_word' id='word_1_749' title='bbox 1313 5315 1490 5372; x_wconf 74' lang='lat' dir='ltr'>seculares.»</span> <span class='ocrx_word' id='word_1_750' title='bbox 1505 5309 1544 5368; x_wconf 86' lang='lat' dir='ltr'>ln.</span> 
     </span>
     <span class='ocr_line' id='line_1_59' title="bbox 146 5385 1323 5477; baseline -0.019 -16"><span class='ocrx_word' id='word_1_751' title='bbox 146 5420 274 5477; x_wconf 72' lang='lat' dir='ltr'>ronymns</span> <span class='ocrx_word' id='word_1_752' title='bbox 286 5403 314 5458; x_wconf 92' lang='lat' dir='ltr'>in</span> <span class='ocrx_word' id='word_1_753' title='bbox 325 5402 437 5473; x_wconf 89' lang='lat' dir='ltr'>epistola</span> <span class='ocrx_word' id='word_1_754' title='bbox 459 5401 492 5457; x_wconf 88' lang='lat' dir='ltr'>ad</span> <span class='ocrx_word' id='word_1_755' title='bbox 513 5400 673 5455; x_wconf 84' lang='lat' dir='ltr'>liusticum:</span> <span class='ocrx_word' id='word_1_756' title='bbox 692 5414 701 5447; x_wconf 84' lang='lat' dir='ltr'>a</span> <span class='ocrx_word' id='word_1_757' title='bbox 716 5395 776 5452; x_wconf 82' lang='lat' dir='ltr'>Vidi</span> <span class='ocrx_word' id='word_1_758' title='bbox 788 5410 838 5465; x_wconf 77' lang='lat' dir='ltr'>ego</span> <span class='ocrx_word' id='word_1_759' title='bbox 856 5410 938 5465; x_wconf 89' lang='lat' dir='ltr'>qnos-</span> <span class='ocrx_word' id='word_1_760' title='bbox 1023 5407 1035 5436; x_wconf 72' lang='lat' dir='ltr'>e</span> <span class='ocrx_word' id='word_1_761' title='bbox 1055 5389 1096 5446; x_wconf 86' lang='lat' dir='ltr'>Cl.</span> <span class='ocrx_word' id='word_1_762' title='bbox 1112 5404 1204 5458; x_wconf 87' lang='lat' dir='ltr'>supra,</span> <span class='ocrx_word' id='word_1_763' title='bbox 1217 5403 1242 5442; x_wconf 91' lang='lat' dir='ltr'>c.</span> <span class='ocrx_word' id='word_1_764' title='bbox 1257 5387 1283 5448; x_wconf 83' lang='lat'>5,</span> <span class='ocrx_word' id='word_1_765' title='bbox 1296 5385 1323 5444; x_wconf 82' lang='grc'>6.</span> 
     </span>
    </p>
   </div>
   <div class='ocr_carea' id='block_1_7' title="bbox 137 5449 1787 5544">
    <p class='ocr_par' dir='ltr' id='par_1_7' title="bbox 137 5449 1787 5544">
     <span class='ocr_line' id='line_1_60' title="bbox 137 5449 1787 5544; baseline -0.012 -16"><span class='ocrx_word' id='word_1_766' title='bbox 137 5475 223 5540; x_wconf 60' lang='lat' dir='ltr'>‘daun</span> <span class='ocrx_word' id='word_1_767' title='bbox 247 5481 389 5544; x_wconf 86' lang='lat' dir='ltr'>postquam</span> <span class='ocrx_word' id='word_1_768' title='bbox 413 5471 602 5527; x_wconf 83' lang='lat' dir='ltr'>renuntiarere</span> <span class='ocrx_word' id='word_1_769' title='bbox 632 5467 746 5531; x_wconf 78' lang='lat' dir='ltr'>saeculo,</span> <span class='ocrx_word' id='word_1_770' title='bbox 767 5466 937 5522; x_wconf 74' lang='lat' dir='ltr'>rcsiimutiis</span> <span class='ocrx_word' id='word_1_771' title='bbox 1022 5464 1035 5503; x_wconf 68' lang='grc' dir='ltr'>ι</span> <span class='ocrx_word' id='word_1_772' title='bbox 1060 5462 1089 5518; x_wconf 92' lang='lat' dir='ltr'>ld</span> <span class='ocrx_word' id='word_1_773' title='bbox 1112 5468 1164 5525; x_wconf 83' lang='lat' dir='ltr'>est,</span> <span class='ocrx_word' id='word_1_774' title='bbox 1189 5465 1325 5522; x_wconf 81' lang='lat' dir='ltr'>exerceat,</span> <span class='ocrx_word' id='word_1_775' title='bbox 1351 5455 1467 5523; x_wconf 64' lang='lat' dir='ltr'>excolu,</span> <span class='ocrx_word' id='word_1_776' title='bbox 1493 5454 1632 5521; x_wconf 78' lang='lat' dir='ltr'>emendet,</span> <span class='ocrx_word' id='word_1_777' title='bbox 1660 5449 1787 5509; x_wconf 72' lang='lat' dir='ltr'>mlieres</span> 
     </span>
    </p>
   </div>
   <div class='ocr_carea' id='block_1_8' title="bbox 147 5534 1315 5686">
    <p class='ocr_par' dir='ltr' id='par_1_8' title="bbox 147 5534 1315 5686">
     <span class='ocr_line' id='line_1_61' title="bbox 147 5534 1093 5612; baseline -0.014 -14"><span class='ocrx_word' id='word_1_778' title='bbox 147 5545 277 5598; x_wconf 83' lang='lat' dir='ltr'>duntaxat</span> <span class='ocrx_word' id='word_1_779' title='bbox 295 5550 323 5597; x_wconf 90' lang='lat' dir='ltr'>et</span> <span class='ocrx_word' id='word_1_780' title='bbox 343 5543 416 5598; x_wconf 81' lang='lat' dir='ltr'>uocis</span> <span class='ocrx_word' id='word_1_781' title='bbox 428 5539 605 5612; x_wconf 76' lang='lat' dir='ltr'>professione,</span> <span class='ocrx_word' id='word_1_782' title='bbox 627 5552 681 5594; x_wconf 83' lang='lat' dir='ltr'>noa</span> <span class='ocrx_word' id='word_1_783' title='bbox 700 5537 793 5602; x_wconf 79' lang='lat' dir='ltr'>rebus,</span> <span class='ocrx_word' id='word_1_784' title='bbox 813 5536 880 5593; x_wconf 79' lang='lat' dir='ltr'>uiltil</span> <span class='ocrx_word' id='word_1_785' title='bbox 903 5537 937 5592; x_wconf 93' lang='lat' dir='ltr'>de</span> <span class='ocrx_word' id='word_1_786' title='bbox 989 5534 1093 5589; x_wconf 89' lang='lat' dir='ltr'>reddat.</span> 
     </span>
     <span class='ocr_line' id='line_1_62' title="bbox 147 5596 1315 5686; baseline -0.01 -20"><span class='ocrx_word' id='word_1_787' title='bbox 147 5613 260 5686; x_wconf 85' lang='lat' dir='ltr'>pristina</span> <span class='ocrx_word' id='word_1_788' title='bbox 273 5614 477 5669; x_wconf 82' lang='lat' dir='ltr'>couversatione</span> <span class='ocrx_word' id='word_1_789' title='bbox 487 5621 617 5667; x_wconf 86' lang='lat' dir='ltr'>mutasse.</span> <span class='ocrx_word' id='word_1_790' title='bbox 635 5627 644 5663; x_wconf 80' lang='lat' dir='ltr'>r</span> <span class='ocrx_word' id='word_1_791' title='bbox 665 5607 764 5662; x_wconf 78' lang='lat' dir='ltr'>Brauz.</span> <span class='ocrx_word' id='word_1_792' title='bbox 1025 5615 1036 5643; x_wconf 66' lang='grc' dir='ltr'><strong>ε</strong></span> <span class='ocrx_word' id='word_1_793' title='bbox 1053 5600 1096 5657; x_wconf 86' lang='lat' dir='ltr'>Gi.</span> <span class='ocrx_word' id='word_1_794' title='bbox 1114 5613 1206 5670; x_wconf 86' lang='lat' dir='ltr'>supra,</span> <span class='ocrx_word' id='word_1_795' title='bbox 1222 5613 1247 5654; x_wconf 88' lang='lat' dir='ltr'>c.</span> <span class='ocrx_word' id='word_1_796' title='bbox 1261 5596 1315 5668; x_wconf 76' lang='lat' dir='ltr'>lli</span> 
     </span>
    </p>
   </div>
   <div class='ocr_carea' id='block_1_9' title="bbox 0 0 1918 6112">
    <p class='ocr_par' dir='ltr' id='par_1_9' title="bbox 0 0 1918 6112">
     <span class='ocr_line' id='line_1_63' title="bbox 0 0 1918 6112; baseline 0 0"><span class='ocrx_word' id='word_1_797' title='bbox 0 0 1918 6112; x_wconf 95' lang='lat' dir='ltr'> </span> 
     </span>
    </p>
   </div>
  </div>
 </body>
</html>
