3826 6112
146 248 196 314 itta
626 248 750 308 cauom
769 249 876 307 MAGNi
894 249 970 309 OPP.
991 252 1081 311 PARS
1099 253 1121 309 l.
1142 252 1241 312 SECT.
1263 253 1285 311 l.
1720 251 1778 312 lib

142 364 303 422 Fraus-iscus
313 362 448 421 distulerit
458 362 575 420 iustitias
587 360 740 419 iaciendum
750 371 778 420 et
786 365 932 434 probatum
946 369 971 429 Α
984 374 1041 423 tras
1057 367 1121 424 dent
1137 368 1169 422 ¹¹.
1189 368 1224 422 bt
1242 367 1266 423 si
1284 362 1425 424 latrocinia
1441 362 1462 397 ¹¹
1474 362 1516 420 rel
1528 361 1600 419 inrta
1612 374 1660 420 aut
1673 368 1777 437 praeda

142 454 232 521 luerit,
246 455 322 510 iuxta
336 463 366 509 ut
379 469 472 511 eorum
483 452 534 509 init
552 452 656 519 eiectio,
671 454 709 510 ita
725 456 849 524 poenae¹
868 457 933 512 sub·
983 456 1042 525 ipsa
1061 458 1170 512 iuuenta
1182 455 1272 522 luerit,
1295 461 1454 515 emendetur
1474 457 1550 512 iuxta
1569 459 1600 508 ut
1620 468 1716 510 eorum
1733 463 1780 513 est

142 546 229 603 iaceat
241 547 261 609 ¹,
274 553 302 601 ct
313 543 346 599 de
356 544 463 600 illorum
475 544 578 601 bonore
591 542 661 598 dat⁸
683 544 753 600 sicut
766 544 934 600 Francorum
982 545 1026 602 ier
1047 547 1068 579 ¹¹
1082 554 1112 602 ιιι
1129 548 1244 618 populus
1264 549 1310 606 irie
1333 549 1519 606 babitantibus
1538 553 1585 601 aut
1611 546 1779 602 advenienti·

141 645 185 694 est
195 635 371 693 cousuetudo.
385 635 418 689 Et
431 635 464 691 de
476 635 709 706 Laugubardisoos
718 637 832 692 comites
843 637 889 706 qui
899 651 932 692 er
982 636 1033 693 bus
1045 637 1067 668 ¹¹
1081 637 1109 691 in
1123 651 1190 707 pace
1204 638 1295 695 uivere
1306 638 1422 693 valeant.

141 727 208 798 ipsis
218 727 369 798 neglectum
382 728 503 797 posuerit
524 728 641 783 iustitias
656 728 808 785 iaciendum
820 729 840 794 ⁸,
863 729 933 785 sieut
1006 724 1034 779 9.
1054 725 1092 780 De
1102 725 1188 781 serris
1203 732 1230 781 et
1240 726 1344 782 ancillis
1356 723 1480 795 fugitivis
1491 721 1679 793 unusquisque
1693 722 1776 779 iudex

140 818 260 889 ipsorum
280 816 324 872 ier
343 824 385 872 est
404 817 442 871 ita
456 825 610 888 componat.
629 818 699 874 Etsi
714 817 827 873 forsitan
844 825 932 873 atten-
981 817 1099 872 studium
1121 825 1205 888 ponat
1225 819 1260 874 ad
1281 818 1491 888 perquirendum
1516 815 1592 869 iuxta
1611 821 1642 869 ιιι
1668 813 1777 870 ιιιίοιιιι

140 907 211 964 derit
222 907 256 964 ad
267 903 405 978 gasindios
422 907 465 964 uei
476 917 604 979 parentes
625 918 653 965 et
665 910 768 968 amicos
782 925 861 976 suos,
884 924 933 966 seu
981 907 1112 962 eontinet.
1123 908 1158 962 Et
1168 909 1220 964 hoe
1231 910 1328 964 damus
1346 905 1530 975 immundatis,
1545 902 1775 969 uttamilustria,

139 999 273 1070 premium
285 1007 312 1055 et
322 998 409 1071 legem
422 1014 475 1057 nou
489 1000 657 1067 iudicaverit,
675 1008 703 1056 et
714 1002 856 1071 probatum
872 999 931 1057 iue-
981 998 1116 1063 Neusiria,
1132 997 1229 1053 Eruiiia
1241 1006 1268 1054 et
1285 994 1382 1054 Tuscia
1392 997 1425 1062 ¹¹,
1441 1011 1488 1051 seu
1500 992 1633 1050 littoraria
1643 994 1667 1025 ¹¹
1678 992 1774 1058 maris,

140 1087 175 1143 rit
186 1088 206 1154 ⁸,
220 1096 364 1159 componat
378 1096 406 1144 et
418 1088 548 1145 honorem
561 1104 640 1145 suum
661 1089 768 1143 amittat
779 1089 789 1120 ⁸
801 1089 871 1144 siout
887 1087 932 1144 lex
980 1097 1011 1144 ut
1029 1089 1212 1159 superomnia
1224 1087 1283 1145 loca
1298 1086 1491 1158 perquirantur
1507 1083 1708 1155 superscriptos
1728 1081 1774 1137 iu-

138 1178 258 1250 ipsoruru
273 1186 325 1236 est.
345 1175 379 1234 Et
395 1180 418 1235 si
431 1174 576 1236 castaldius
590 1188 617 1237 et
630 1178 747 1236 sculdais
759 1195 806 1235 seu
823 1179 932 1249 locipo-
981 1191 1076 1250 gaces3
1090 1182 1117 1234 et
1127 1179 1197 1248 apud
1211 1176 1299 1234 locum
1313 1176 1456 1234 coniurent
1468 1170 1619 1239 scultasios,
1643 1173 1774 1240 ιιιαιιιοι,

138 1269 209 1324 situs
228 1268 239 1300 ¹
257 1269 291 1325 do
310 1267 430 1339 qualibet
454 1263 585 1326 iudimria
605 1269 617 1301 ¹
639 1278 695 1324 tam
711 1285 775 1325 suos
799 1284 932 1341 pagenses
981 1266 1105 1325 saltarios
1116 1267 1159 1325 uel
1172 1269 1230 1325 loeo
1240 1269 1352 1339 positos,
1367 1274 1398 1322 ut
1410 1265 1498 1322 nullos
1509 1265 1658 1330 concelent,
1672 1264 1776 1322 stubi·

138 1373 274 1430 quamque
286 1359 354 1416 alios
367 1360 413 1429 qui
425 1360 544 1416 iustitias
559 1359 734 1431 quaesierint,
751 1376 805 1415 nou
823 1359 929 1424 iecerit,
981 1374 1096 1430 cumque
1108 1360 1210 1416 inventi
1223 1358 1333 1426 inerint,
1352 1360 1411 1430 ipse
1420 1358 1492 1430 apud
1510 1372 1591 1429 queur
1604 1355 1705 1414 i'uerlut
1717 1372 1774 1412 nna

138 1456 281 1519 componat
293 1449 364 1505 sicut
379 1449 423 1505 lex
435 1450 556 1520 ipsorum
568 1457 620 1506 est.
632 1451 667 1505 bt
679 1451 702 1506 si
715 1448 830 1507 forsitan
843 1448 930 1505 Fran*
981 1463 1043 1504 oum
1060 1448 1144 1505 misso
1156 1448 1189 1504 de
1201 1449 1300 1505 comite
1312 1446 1355 1505 rei
1374 1451 1407 1504 de
1424 1449 1483 1519 ipso
1506 1448 1566 1505 loeo
1589 1445 1668 1505 nobis
1690 1446 1777 1505 addu-

138 1552 188 1596 cus
204 1546 252 1593 aut
267 1537 461 1611 Langobardos
473 1540 577 1596 babens
589 1538 750 1597 beneficium
764 1540 881 1596 iustitias
893 1538 931 1596 ia·
981 1545 1077 1595 eantur
1090 1535 1139 1604 sic,
1158 1538 1195 1594 ita
1207 1547 1237 1594 ut
1249 1539 1339 1595 iurare
1351 1539 1468 1606 ualeam,
1482 1547 1512 1594 ut
1522 1538 1660 1596 nerninem
1677 1549 1777 1595 mooe·

114 1685 117 1691 ,
138 1643 201 1686 cero
214 1628 339 1693 uoluerit,
353 1628 434 1684 iudex
451 1628 496 1686 iile
509 1630 538 1685 in
555 1629 635 1688 cuius
657 1631 809 1688 ministerio
825 1646 932 1689 manse·
981 1629 1047 1687 ient.
1060 1631 1082 1663 ¹¹
1089 1631 1123 1686 lit
1136 1632 1253 1702 positum
1265 1640 1329 1688 ¹est
1335 1632 1512 1688 constitutum
1522 1632 1566 1688 die
1573 1630 1779 1703 quintodecimo

139 1719 184 1783 rit,
201 1718 370 1774 contradicat
383 1716 421 1772 iiii
442 1718 606 1776 beneficium
621 1719 709 1787 illum,
723 1721 833 1778 interim
856 1722 929 1793 quod
944 1712 1043 1793 B'post
1059 1729 1183 1779 sanetum
1199 1723 1315 1793 paseba;
1340 1722 1406 1778 etsi
1428 1723 1474 1794 qul
1486 1732 1580 1778 servos
1593 1728 1641 1777 aut
1662 1720 1777 1778 aecidat

140 1808 199 1880 ipso
211 1816 258 1864 aut
270 1809 370 1866 missus
383 1808 442 1865 eins
454 1807 572 1866 iustitias
584 1808 696 1868 iaciant.
981 1809 1092 1881 iugaees
1104 1811 1230 1868 babuerit
1242 1819 1298 1867 tam
1308 1808 1500 1868 aecclesiastici
1511 1826 1558 1867 seu
1572 1810 1660 1867 curtis
1670 1810 1714 1866 rel
1724 1824 1777 1881 po·

173 1898 201 1956 8.
230 1900 310 1957 luder
336 1900 523 1971 unusquisque
551 1915 601 1971 per
623 1898 761 1959 civitatem
782 1894 865 1959 iaciat
886 1902 930 1958 iu·
979 1901 1053 1973 pulo,
1067 1902 1096 1959 in
1106 1901 1256 1960 constituto
1266 1901 1355 1974 ipsum
1367 1903 1414 1973 qui
1426 1917 1506 1958 suum
1516 1902 1674 1972 cognoverit
1686 1900 1776 1958 sued-

137 2002 200 2046 raro
222 1989 258 2045 ad
270 1989 317 2044 lici
331 1988 430 2046 iudicia
443 1990 567 2046 homiues
588 1990 730 2047 credentes
747 1991 823 2045 iuxta
848 2006 931 2061 quan·
979 1995 1050 2066 piat.

136 2087 181 2138 tos
202 2078 377 2150 praeviderit,
402 2096 450 2137 seu
472 2078 539 2138 ioris
565 2097 616 2153 per
641 2090 732 2140 curtes
749 2082 793 2140 rei
824 2083 931 2140 vicoras
1016 2085 1061 2141 lo.
1079 2082 1118 2140 lie
1130 2083 1242 2141 advenis
1261 2091 1289 2141 et
1307 2085 1460 2156 peregrinis
1479 2084 1526 2156 qui
1543 2084 1571 2139 in
1589 2081 1639 2139 liei
1659 2082 1777 2140 seruitio

140 2171 321 2239 mansuros¹;
337 2174 368 2226 ol
389 2173 433 2229 oui
448 2188 482 2229 er
505 2174 571 2245 ipsis
594 2175 732 2244 cognitum
745 2172 827 2231 inerit
849 2176 931 2232 idest
980 2173 1120 2231 Romauel
1138 2189 1188 2245 per
1200 2175 1253 2229 alia
1274 2183 1429 2232 sanctorum
1450 2172 1581 2230 iestiuant
1601 2187 1726 2243 corpora,
1743 2180 1776 2229 ιιι

139 2261 284 2319 homicidia
307 2261 379 2317 iurta
392 2262 524 2319 adulteria
541 2264 613 2321 etde
633 2265 750 2322 inlicitas
763 2265 932 2322 coniunctio-
980 2267 1048 2323 salvi
1060 2267 1160 2322 vadant
1169 2272 1197 2322 et
1208 2273 1379 2322 revertantur
1391 2267 1441 2322 srib
1451 2273 1545 2322 nostra
1558 2263 1726 2321 defensioue.
1739 2264 1776 2320 lit

136 2366 198 2420 nes,
226 2360 257 2408 ιιι
277 2368 358 2411 uento
373 2368 419 2410 eas
437 2354 568 2412 concelet.
582 2355 616 2410 lit
637 2357 689 2414 hoc
701 2357 797 2414 damus
812 2358 840 2413 in
857 2373 931 2414 raan-
980 2357 1098 2429 qul¹¹er
1110 2356 1177 2427 ipsis
1188 2357 1340 2428 peregrinis
1353 2372 1436 2413 ausus
1448 2356 1531 2412 iucrit
1540 2357 1674 2422 occidere,
1687 2354 1723 2412 do
1732 2370 1777 2411 so

137 2444 217 2511 datis,
243 2450 275 2499 ιιι
290 2443 391 2516 siquis
410 2445 515 2501 tenerit
537 2445 669 2502 iustitiam
682 2447 830 2504 reclamare
849 2463 931 2519 super
980 2448 1049 2503 lidos
1059 2454 1202 2516 componat
1215 2446 1243 2500 iu
1256 2445 1356 2516 palatio
1368 2454 1473 2502 nostro.
1488 2445 1600 2516 iusuper
1610 2445 1775 2522 compositio

136 2534 292 2607 qnempiam
316 2534 472 2602 bominem,
495 2534 609 2593 dicendo
633 2537 667 2592 de
688 2538 834 2594 homicidia
857 2537 930 2594 inrta
979 2536 1026 2592 iila
1037 2536 1070 2592 de
1082 2536 1140 2606 ipso
1152 2535 1299 2592 bornicidio
1312 2543 1499 2605 componatur,
1520 2535 1564 2591 eui
1577 2534 1682 2615 legibue
1695 2532 1775 2590 leudo

138 2627 160 2661 ¹¹
174 2633 222 2683 aut
242 2628 276 2683 do
299 2627 406 2697 praeda,
422 2636 449 2683 et
470 2626 515 2683 ille
536 2641 617 2698 super
640 2644 721 2699 quem
748 2630 858 2696 dixerit,
882 2631 930 2688 de
979 2629 1038 2700 ipso
1051 2627 1224 2698 pertinuerit.

137 2732 237 2790 negare
251 2718 389 2785 volucrit,
413 2724 478 2775 tune
505 2718 549 2775 ille
565 2718 611 2789 qui
626 2717 755 2776 reclamat
774 2719 796 2777 si
810 2721 930 2792 potuerit
1015 2719 1113 2775 Ethoe
1123 2720 1218 2776 damus
1232 2719 1261 2774 iu
1282 2721 1415 2775 mandatis
1430 2720 1536 2777 cunetis
1557 2718 1701 2791 episeopis,
1720 2717 1773 2774 ab·

135 2808 265 2879 approbet
277 2808 353 2875 iliud,
363 2817 391 2865 et
399 2810 422 2865 si
435 2807 549 2866 iorsitau
561 2810 619 2882 ipse
630 2826 684 2868 non
696 2813 816 2883 potuerit
828 2828 928 2885 appro·
979 2813 1098 2878 batibus,
1114 2812 1269 2878 comitibus,
1281 2827 1329 2868 sen
1351 2813 1507 2869 actionariis
1528 2812 1640 2876 nostris,
1663 2819 1694 2866 ut
1713 2810 1775 2867 bato

135 2901 211 2965 bare,
225 2900 320 2971 etipse
331 2915 413 2971 super
425 2915 506 2970 quern
519 2897 584 2957 dicit
597 2901 736 2972 negaverit
746 2905 818 2973 quod
827 2903 929 2959 malurn
979 2905 1068 2961 omnis
1078 2905 1261 2975 suprascripta
1273 2905 1378 2960 institia
1386 2906 1420 2962 de
1429 2906 1565 2976 praesenti
1574 2905 1707 2974 ¹¹ubsque
1717 2902 1774 2959 ulla

135 2991 223 3064 ipsurn
236 3005 287 3048 nec
299 2989 357 3062 ipse
369 3006 419 3048 uec
435 2991 559 3048 homines
570 2992 656 3063 ipsius
665 2978 880 3064 perpetrassent,
900 3002 928 3051 et
980 2996 1106 3052 tarditate
1118 2995 1265 3066 adimpleta
1276 2995 1335 3051 ileri
1347 2997 1451 3062 debeat,
1467 3004 1498 3051 ut
1512 2997 1558 3066 qui
1572 2997 1599 3051 iu
1613 3003 1704 3052 tantos
1724 3009 1775 3050 au-

134 3081 256 3153 posuerit
267 3081 288 3114 ¹¹
301 3082 502 3139 exeusationem
513 3089 542 3138 et
555 3083 668 3139 dixerit:
679 3081 794 3139 Nomina
807 3084 872 3140 mibi
881 3058 964 3140 iro·c
979 3103 1029 3146 nos
1040 3087 1174 3144 iustitiam
1191 3087 1292 3143 habere
1305 3103 1359 3144 non
1372 3087 1501 3157 potuerit,
1515 3086 1558 3142 rei
1570 3087 1650 3144 modo
1661 3101 1710 3156 pro
1724 3085 1776 3142 ilci

133 3175 216 3231 orirer
228 3190 298 3231 mcor
311 3174 356 3248 qul
369 3172 415 3230 tibi
427 3174 526 3231 mnium
538 3174 613 3231 ilium
625 3175 753 3248 fecerunt.
767 3174 825 3252 Ego
836 3177 883 3233 tibi
895 3177 928 3234 de
979 3177 1172 3247 omnipotentis
1201 3176 1385 3233 misericordia
1406 3184 1434 3233 et
1447 3191 1494 3247 per
1513 3177 1705 3248 praeceptione
1725 3176 1777 3234 do·

133 3261 193 3320 liius
203 3264 318 3321 iustitias
333 3263 413 3336 [aee.
428 3264 463 3321 Et
478 3266 523 3323 ille
536 3266 689 3338 incognitus
702 3261 724 3300 ¹¹
738 3269 785 3341 qui
796 3268 928 3326 reclamat
980 3268 1054 3327 mino
1068 3276 1096 3327 et
1109 3268 1232 3339 genitore
1244 3284 1304 3325 meo
1316 3269 1339 3300 ¹⁸
1351 3267 1439 3324 Caroli
1453 3268 1527 3339 regis
1543 3268 1632 3339 gentis
1652 3266 1777 3324 Francos

133 3362 161 3414 et
171 3356 280 3414 uomina
301 3357 334 3413 de
346 3355 406 3413 iilos
420 3357 545 3414 homiues
569 3374 623 3414 nou
639 3359 692 3416 seit
712 3368 741 3416 et
761 3375 813 3417 uee
827 3374 927 3431 appro·
980 3378 1041 3418 rutn
1053 3369 1081 3418 et
1091 3361 1329 3433 Langobardorum
1348 3376 1380 3417 ao
1396 3360 1527 3431 patricius
1543 3360 1727 3417 iiomnnorurn
1739 3359 1774 3424 ¹¹.

133 3447 199 3506 bare
213 3455 315 3519 potest,
338 3456 365 3504 et
378 3449 430 3520 ipsi
444 3450 491 3520 qui
505 3450 603 3507 exinde
624 3452 664 3508 sie
679 3453 821 3509 ueritatem
839 3452 930 3509 sciunt
980 3455 1105 3513 simulet
1124 3472 1175 3528 per
1196 3463 1317 3513 nostram
1338 3457 1567 3528 praeceptionem,
1588 3455 1777 3525 unusquisqne

133 3539 267 3611 denegem
288 3540 423 3597 voluerint
435 3545 462 3597 et
483 3538 529 3597 ille
541 3543 586 3613 qui
600 3542 739 3609 reclamat,
751 3543 851 3600 dixerit
864 3546 928 3615 quia
981 3546 1083 3603 iustitia
1096 3562 1145 3603 sua
1156 3546 1271 3615 accipiat
1281 3546 1315 3599 ¹¹.
1333 3545 1372 3601 lta
1389 3554 1490 3612 taruco,
1506 3554 1536 3600 ut
1549 3545 1703 3617 quindecim
1716 3545 1777 3601 dies

133 3633 215 3690 burno
240 3631 285 3689 iiie
306 3632 404 3690 exinde
428 3632 569 3690 veritatem
592 3634 739 3702 sciuerunt,
757 3641 821 3693 tune
846 3636 926 3693 iudex
980 3643 1042 3707 post
1054 3642 1177 3693 sanctum
1190 3636 1394 3707 pasebaomnia
1406 3635 1551 3707 adimpleta
1571 3649 1633 3691 esse
1645 3635 1775 3690 debeant.

129 3722 177 3779 ‚iile
190 3722 236 3796 (llll
251 3723 279 3778 iu
292 3720 352 3780 ioco
364 3722 423 3795 ipso
435 3728 489 3792 est,
503 3722 586 3782 iaciat
601 3725 694 3782 iurare
713 3726 838 3784 homiues
856 3726 928 3793 iilos,
980 3728 1015 3784 Et
1036 3734 1100 3783 tune
1120 3726 1305 3797 uuusquisque
1321 3726 1402 3782 iudex
1420 3734 1513 3781 uoster
1534 3723 1634 3795 dirigat
1658 3722 1777 3778 missurn

133 3812 245 3885 quilibet
265 3813 329 3882 siut,
350 3810 470 3872 Francos
489 3820 537 3871 aut
552 3815 744 3888 Langobardos
755 3832 823 3888 quos
837 3816 859 3850 ¹¹
871 3819 930 3888 ipse
982 3834 1061 3876 suum
1073 3817 1108 3874 ad
1120 3833 1178 3883 nos,
1199 3817 1354 3889 ponendum
1366 3816 1444 3873 nobis
1457 3816 1600 3879 radonem,
1613 3814 1637 3869 si
1652 3819 1776 3869 nostram

127 3900 298 3963 ¹nominative
310 3903 418 3972 (bremt,
442 3912 473 3962 ιιι
496 3906 587 3964 dicant
599 3908 752 3965 veritatem.
776 3909 810 3964 bt
831 3909 855 3966 si
871 3924 930 3966 cre·
981 3907 1187 3978 adimpleverint
1198 3906 1356 3962 iussionem.
1370 3904 1467 3961 Postea
1487 3905 1619 3961 babemus
1632 3903 1779 3973 disponere

132 3995 226 4056 dentes
232 3998 356 4057 bomines
362 3992 473 4066 ineunt,
480 3997 508 4054 in
514 4013 596 4054 manu
604 3998 625 4031 ¹¹
631 4000 740 4057 comitis
753 3994 776 4033 ¹¹
787 4000 829 4057 sui
838 4000 930 4058 ¹¹der-
981 4013 1044 4056 eum
1055 3997 1104 4054 liei
1114 3997 1257 4062 adiutorio,
1272 3995 1388 4067 qualiter
1402 3995 1501 4052 medus
1510 3993 1721 4065 previderimus.

758 4150 953 4212 pluiturus
970 4150 1171 4210 boemones.

170 4283 262 4338 ¹deest
281 4283 308 4336 l.
327 4278 357 4335 ι’.
394 4278 443 4336 ¹s.
456 4280 484 4337 id
506 4286 548 4336 est
569 4286 599 4335 nt
618 4281 751 4338 moriatur
765 4281 852 4353 glorta
876 4281 907 4338 ι’.
944 4282 1082 4339 ¹dretti.
1103 4281 1130 4337 Ξ.
1179 4279 1234 4335 ‘et
1271 4281 1394 4336 robaturn
1415 4279 1506 4344 luerit,
1532 4279 1607 4334 iusta
1630 4284 1777 4335 uteorum

133 4354 185 4411 init
205 4352 301 4408 eiectio
317 4351 356 4406 ita
373 4363 477 4422 poenae
498 4349 665 4417 subiaceant,
686 4351 764 4406 etde
784 4350 890 4408 illorum
908 4354 1018 4417 bonore,
1039 4352 1109 4408 sicut
1130 4349 1191 4404 lini.
1230 4349 1432 4420 ⁸.guidrigild
1446 4364 1524 4405 suunt
1538 4364 1563 4405 c.
1579 4347 1619 4402 lt.
1657 4348 1777 4419 ¹perdat

133 4425 160 4479 i.
197 4421 386 4494 ¹praepositus
403 4419 535 4474 l.lt.lt.
561 4418 858 4476 ¹iudiciariai¹.i1.il.
895 4420 1125 4479 ’vicosttlub
1161 4421 1181 4452 ¹¹
1191 4419 1349 4474 Ladulteria
1364 4419 1445 4475 uelde
1459 4430 1485 4488 p.
1500 4419 1527 4473 2.
1567 4418 1588 4450 ¹¹
1597 4418 1773 4487 posueriuti.

135 4491 348 4564 ¹¹inooguitosi.
387 4489 523 4560 ¹¹quodl.
562 4489 721 4544 ¹¹ruaunsi.
754 4490 946 4547 ¹⁸comitii.2
976 4491 1084 4548 ¹¹suoi.
1119 4484 1473 4545 ¹¹dcxreutl.dctesteuti.
1509 4485 1775 4543 ¹·tdestnonlcidla

133 4566 266 4621 absconsa
277 4556 401 4633 piorsol'.
439 4560 460 4592 ¹¹
468 4559 511 4614 ier
523 4557 568 4615 eui
577 4557 676 4614 malurn
684 4560 771 4630 ipsum
778 4569 962 4643 perpetratum
975 4561 1072 4628 luerit;
1086 4561 1262 4616 tameuiudex
1271 4560 1304 4614 de
1317 4557 1544 4615 loooundeiuerit
1559 4558 1592 4612 de
1605 4556 1711 4612 latrone
1726 4563 1776 4611 aut

134 4634 230 4690 iurene
249 4631 368 4688 studium
384 4636 468 4701 ponat
479 4629 518 4683 ltu
535 4626 566 4680 ι’.
580 4627 619 4682 ιι.
631 4628 664 4683 ιι.
679 4636 747 4685 certe
760 4641 784 4685 et
797 4631 844 4687 aial
857 4629 1224 4688 commiscendorum
1239 4631 1266 4684 iu
1282 4629 1308 4683 i.
1323 4630 1350 4684 2.
1388 4630 1410 4661 ¹¹
1425 4629 1579 4683 uiuentibus
1597 4626 1623 4680 i.
1646 4626 1775 4681 babitans

133 4720 160 4760 a.
174 4700 331 4760 reuieusii.
346 4700 379 4754 Β.
416 4698 690 4755 ¹¹tustiai.tussia2.
730 4701 880 4757 ¹¹litoraa.
895 4703 974 4758 litore
986 4701 1025 4756 lt.
1062 4701 1086 4733 ¹¹
1099 4698 1198 4771 reliqua
1211 4699 1408 4771 capitirdesttnt
1421 4698 1548 4761 ineditis,
1562 4695 1774 4751 adsentaonoisi

133 4772 285 4831 inmaidi.
298 4781 323 4827 et
334 4770 362 4825 ι.
400 4769 423 4802 ¹¹
436 4770 497 4839 quis
508 4768 625 4838 aliquem
635 4776 741 4840 praeter
751 4770 945 4842 longobardum
956 4780 1132 4829 etromanum
1145 4771 1301 4825 liberanter
1312 4769 1377 4839 ipsis
1389 4763 1547 4838 peregrinis.
1561 4764 1592 4820 ι’.
1604 4765 1663 4820 Est.
1702 4763 1728 4797 '⁸
1740 4763 1776 4822 do

133 4843 284 4918 p.teeetl.
320 4842 344 4873 ¹¹
356 4840 486 4910 genitoris
499 4839 586 4896 nostri
600 4838 631 4893 lt.
669 4841 691 4873 ¹¹
705 4855 747 4897 ac.
762 4856 788 4912 p.
803 4857 827 4896 r.
838 4840 910 4898 deest
920 4843 949 4898 2.
985 4842 1009 4874 ¹¹
1023 4840 1268 4912 reliqooderuutitt
1282 4838 1395 4894 editius
1408 4832 1737 4908 σοιιιοιιιιιριαιιειΜ.

878 4940 994 5011 dorm.

169 5085 184 5118 ι
201 5073 282 5132 lieet
295 5068 427 5129 terminus
437 5078 492 5140 qno
502 5064 560 5120 bec
570 5063 787 5135 adimpletaesse
798 5066 925 5135 debeant,
937 5074 980 5125 est
991 5063 1165 5131 eonstitntus‚
1183 5069 1238 5121 etc.

616 5310 867 5378 centronius
884 5307 1096 5379 conuulso
1114 5304 1188 5390 (un.
1206 5306 1292 5388 rsa).

165 5482 317 5571 ¹ildegardis
333 5494 437 5572 region,
449 5490 539 5556 Caroli
560 5512 640 5564 uror,
651 5512 672 5553 rr
684 5488 744 5552 ilai.
769 5491 832 5551 iiaii
846 5493 910 5550 anni
926 5491 978 5550 785
990 5492 1067 5549 obiit.
1081 5488 1164 5562 Cuius
1187 5493 1221 5549 de
1243 5492 1324 5548 rebus
1346 5491 1529 5548 inbreviandis
1545 5505 1608 5572 cunr
1633 5488 1664 5571 in
1685 5488 1778 5546 eticae

136 5568 238 5625 mentio
250 5568 306 5633 dat,
318 5568 404 5641 legem
415 5576 462 5626 ant
470 5582 563 5625 mense
575 5566 645 5624 iiaio
657 5567 686 5624 iu
704 5562 859 5622 Tireodonis
869 5563 945 5630 uilla,
954 5570 1002 5618 aut
1013 5570 1141 5619 autumno
1151 5563 1258 5619 tanderu
1269 5570 1330 5633 post
1339 5561 1428 5618 Caroli
1444 5576 1460 5617 e
1473 5560 1590 5615 Saronra
1608 5559 1737 5641 reditum,
1748 5559 1777 5615 in

136 5645 271 5695 conuentu
280 5635 472 5698 Wormatiensi
483 5639 680 5711 promulgatam
691 5641 878 5708 esseoportot.
895 5632 1021 5693 Occurrit
1030 5633 1072 5691 bis
1083 5641 1189 5691 mutum
1201 5634 1272 5690 iuter
1293 5634 1366 5705 leges
1378 5633 1478 5699 Caroli,
1493 5631 1519 5687 in
1530 5631 1630 5688 dedice
1640 5627 1774 5687 sorboetl
