3826 6112
116 257 153 318 ss
558 215 1285 307 aounxorrsonnncus-trnonucoucnn.
1709 249 1743 310 st

113 368 205 441 mpite
214 365 245 421 et
257 365 439 436 Capitulorum
448 363 584 433 quoidam
593 361 729 418 llerardus
740 361 823 417 edidit
832 377 902 415 anno
916 362 939 422 Α
953 358 1070 423 Pulchri,
1093 359 1257 414 Francorum
1278 358 1359 429 regis.
1381 358 1473 431 Neque
1493 361 1521 416 in
1539 375 1622 429 reguo
1637 368 1742 420 tantum

112 442 177 504 838,
189 438 217 492 in
228 435 387 506 synodosua
399 435 563 497 dioecesann;
580 433 670 501 inquo
688 447 749 486 cnm
768 431 825 486 dies
841 430 901 486 sesti
954 429 1116 484 Francorum
1131 430 1265 491 valebant,
1284 430 1331 484 sed
1350 430 1377 485 in
1388 429 1531 486 Germania
1546 446 1653 514 quoqne
1667 440 1695 487 et
1713 433 1741 488 in

112 514 359 566 commemorentur
375 504 421 573 qui
441 519 456 557 a
483 503 605 565 hdelihus
626 501 785 556 Christianis
805 501 901 555 obser·
952 500 1037 554 ltalia.
1053 499 1093 554 tle
1103 500 1136 554 de
1146 498 1289 554 Germania
1300 500 1408 568 quidem
1419 500 1497 556 lldem
1513 500 1741 572 sacruntplnrrma

114 576 193 633 sandi
209 582 283 639 sunt,
301 575 408 643 quidam
423 588 517 628 eorum
531 572 692 627 omittuntur
705 585 773 639 quos
789 570 901 626 Carolus
952 569 1106 624 reterisaevi
1121 576 1302 633 monumenta,
1311 569 1515 640 praecipuerero
1523 572 1660 626 decretum
1667 571 1741 628 Otto

113 644 288 713 lingnusooli
301 643 382 712 jussit
398 642 425 697 in
436 642 524 711 capite
537 657 596 696 anxi
610 642 650 712 (ut
667 640 748 694 habet
763 639 844 694 editio
855 639 900 695 Pi·
951 639 1100 725 nisllagni,
1111 639 1261 694 Germaniae
1272 640 1352 708 regis,
1364 640 1454 694 datum
1464 639 1533 711 apud
1544 640 1742 697 Franconoiurt

113 714 245 784 theam),
267 714 333 776 sire,
355 721 385 766 ut
404 721 506 774 nostra,
528 711 616 780 capite
636 725 717 765 curru
739 709 799 764 libri
820 710 901 779 primi
951 709 1095 773 annotini,
1109 709 1136 763 in
1149 724 1211 778 quo,
1224 706 1415 778 Capitularium
1433 711 1633 780 procedentium
1649 727 1739 782 renum

111 783 321 854 Capitularium3
339 781 421 836 rduti
437 781 573 835 Paschalis
589 780 650 834 sesti
669 780 899 843 commemoratio,
950 778 1076 833 institutis
1088 795 1175 832 coram
1185 778 1285 848 positia,
1298 786 1427 833 statutum
1438 787 1480 835 est
1491 796 1525 836 ne
1536 781 1675 851 oppressio
1686 781 1742 837 rir-

112 857 171 910 dies
182 852 331 915 hominist,
347 853 433 906 heato
451 849 541 904 blaciae
559 849 855 918 uirginishnnuntiatio
874 857 901 905 et
969 849 1042 902 inum
1057 855 1105 903 aut
1119 848 1268 910 viduarum,
1283 848 1325 902 rel
1341 858 1444 918 ruptus,
1460 851 1494 905 ab
1508 849 1570 905 ullis
1587 851 1741 907 hominihus

112 923 256 986 Nativitas,
278 921 521 990 tresllogationurn
541 917 609 981 dies,
632 927 659 973 et
678 927 772 974 octana
787 917 901 988 Epipha·
951 864 999 972 Vnt
1017 918 1164 988 (Appendic
1182 918 1260 987 prim.
1283 917 1421 987 Rufinam,
1442 936 1465 974 c.
1484 919 1540 991 55).
1562 919 1640 990 llpud
1659 921 1742 978 ltalos

112 996 180 1058 nize;
203 992 377 1047 Pentecostes
397 1005 477 1059 porro
497 1004 551 1043 uno
572 996 676 1043 tantum
687 989 729 1043 die
741 988 900 1043 celebranda
950 987 1052 1042 dlutius
1067 988 1208 1043 obseruata
1227 984 1309 1042 luisse
1337 988 1639 1058 uamapudGermanos
1656 991 1742 1047 multa

112 1062 282 1145 proponitur.
302 1062 358 1142 Ego
377 1067 500 1114 neutram
515 1074 549 1114 ex
565 1058 608 1113 his
623 1059 725 1114 duabus
738 1057 790 1111 riri
805 1056 900 1138 claris·
949 1058 1073 1126 probant,
1086 1059 1133 1111 sed
1147 1056 1281 1127 inprimis
1295 1003 1417 1113 collectio
1431 1074 1564 1114 canonum
1575 1075 1607 1114 ac
1618 1061 1741 1116 decreto·

112 1134 174 1188 sirm
193 1129 358 1199 conjecturis
375 1143 468 1184 reram
487 1143 547 1183 esse
573 1135 648 1196 puto.
672 1128 782 1184 Constat
800 1141 900 1196 quippe
950 1142 1010 1180 rum
1026 1126 1180 1181 aCratiano
1195 1127 1351 1196 composita,
1369 1128 1395 1182 in
1416 1144 1468 1198 qua
1483 1144 1601 1198 persaepe
1617 1129 1744 1185 reserun-

110 1202 323 1259 Cesamduuum
338 1200 475 1254 Turonum
494 1198 577 1253 luisse
596 1204 651 1252 tum
671 1198 698 1253 in
716 1197 805 1252 medio
824 1196 898 1265 regni
950 1205 995 1250 tur
1005 1196 1211 1252 constitutiones
1224 1211 1257 1250 ex
1268 1195 1468 1265 Capitularihus
1481 1214 1573 1269 Qum
1587 1208 1742 1255 nostrorum

109 1273 289 1335 Francorum,
301 1285 360 1324 eam
375 1268 469 1323 urbem
485 1266 567 1322 luisse
579 1277 744 1323 numeratam
760 1267 831 1321 inter
841 1281 899 1321 me·
950 1267 1036 1322 deseri
1057 1274 1100 1331 tae,
1113 1266 1153 1320 uti
1166 1265 1222 1335 lam
1237 1267 1407 1321 obseruatum
1423 1276 1464 1323 est
1480 1268 1573 1324 arinis
1587 1269 1740 1325 eruditissi-

109 1342 231 1412 tropoles
252 1340 326 1462 regm
348 1337 436 1394 Caroli
458 1336 581 1419 (Tomi
605 1335 763 1408 Cephalon,
779 1353 809 1458 Γ.
826 1335 897 1416 ⁸l883
950 1337 1011 1391 mis.
1051 1335 1111 1405 hlici
1131 1343 1222 1389 *minen
1242 1346 1333 1405 posset
1343 1336 1501 1392 Gratianum
1522 1353 1569 1393 sua
1591 1353 1645 1393 non
1664 1354 1740 1395 acce

109 1410 194 1472 late,
207 1429 233 1481 p.
245 1409 281 1463 hl
300 1409 320 1478 ),
332 1406 665 1463 hahitumdliceoneilium
678 1407 775 1461 annuli
793 1406 811 1459 3
821 1418 899 1472 jussu
949 1406 1021 1475 pisse
1041 1420 1074 1460 er
1095 1404 1384 1474 lihrisCapitularinm,
1406 1409 1454 1464 scd
1474 1424 1507 1463 cn
1518 1408 1631 1464 Decreta
1650 1408 1741 1466 lvonis

108 1481 232 1548 ciusdem
244 1478 342 1542 Caroli,
353 1486 381 1532 et
395 1476 595 1538 Landrannum.
608 1475 791 1532 Turonensem
810 1474 899 1530 archi·
949 1476 1066 1546 episcopi
1081 1476 1262 1540 Caruoteusis,
1274 1491 1353 1546 mem
1365 1477 1524 1547 compilasse
1534 1476 1648 1544 ridetur,
1660 1479 1740 1535 adeo-

108 1551 152 1619 epi
221 1547 372 1614 amisisse
387 1547 562 1603 constitutum
575 1545 685 1600 blissum
696 1545 859 1600 dominicum
870 1544 899 1598 in
949 1561 1003 1616 que
1023 1561 1055 1602 en
1074 1544 1204 1615 Capitulis
1225 1560 1241 1600 a
1259 1544 1388 1602 Gratiano
1411 1547 1526 1603 laudatis
1551 1557 1738 1620 argumentum

108 1635 179 1690 pago
222 1617 359 1682 uroneusi,
380 1631 450 1671 anno
468 1615 591 1681 bionna
609 1631 670 1670 cum
689 1615 837 1670 lluotberto
856 1630 899 1670 co
948 1617 1019 1670 sumi
1040 1632 1094 1670 non
1113 1631 1193 1686 posse
1217 1617 1251 1669 ad
1274 1617 1441 1685 probandum
1462 1617 1625 1687 Capitularia
1645 1633 1738 1687 regum

108 1689 187 1753 mite,
200 1689 235 1744 ad
254 1688 435 1757 imperandam
450 1692 478 1739 et
495 1701 528 1740 ur
546 1686 641 1741 endam
656 1683 839 1755 Capitulorum
858 1700 899 1740 re
950 1685 1114 1741 Francorum
1133 1685 1240 1753 cognita
1259 1685 1341 1741 hrisse
1359 1686 1432 1742 ltalis
1450 1702 1507 1742 aevo
1518 1686 1649 1743 Gratiani.
1669 1686 1742 1745 Sane

108 1759 212 1828 galium
231 1758 441 1814 exsecutionem.
460 1755 501 1811 tid
519 1702 603 1810 letos
620 1755 678 1810 dies
700 1755 771 1824 quod
792 1754 897 1820 attinet,
950 1770 1043 1810 rerum
1054 1756 1138 1811 rideri
1147 1763 1241 1838 posset
1251 1754 1409 1810 Gratianum
1427 1773 1460 1812 cx
1476 1756 1556 1812 lvonc
1566 1757 1739 1828 descripsisse

108 1838 172 1897 quae
191 1829 224 1883 de
237 1826 426 1898 praetermissis
438 1826 564 1881 dicuntur
577 1826 611 1881 ab
627 1826 721 1880 eodem
734 1825 792 1880 viro
810 1824 897 1888 docto,
949 1826 1037 1895 capita
1049 1824 1216 1881 collectionis
1233 1841 1288 1881 sun
1299 1841 1358 1895 aaran
1369 1825 1524 1882 reseruntur
1538 1842 1571 1882 ex
1581 1825 1740 1896 Capitulari-

107 1913 143 1953 ea
161 1898 303 1952 minimum
323 1904 370 1952 aut
389 1896 455 1950 nihil
477 1896 576 1950 hahent
597 1893 769 1950 difficultatis.
793 1894 899 1949 Etenim
949 1895 1010 1962 bus,
1025 1896 1078 1950 uisi
1098 1896 1180 1951 certis
1199 1894 1306 1951 indiciis
1323 1897 1527 1952 ostenderemus
1544 1898 1740 1966 eumquaedam

108 1984 172 2037 quae
184 1966 319 2023 lietardus
333 1966 425 2022 omisit
445 1966 472 2020 in
493 1981 525 2021 ca
545 1965 635 2031 itehl,
651 1980 683 2020 ea
703 1965 731 2018 in
752 1964 812 2019 aliis
833 1963 899 2019 locis
949 1979 982 2020 er
993 1965 1192 2036 Capitularihus
1207 1965 1382 2046 descripsisse
1392 1980 1452 2034 quaa
1470 1967 1540 2033 apud
1559 1966 1665 2020 ltonem
1686 1981 1740 2022 non

107 2035 483 2100 commemoraritPascbale
498 1980 735 2091 alutinensium
749 2034 838 2102 eapite
853 2032 897 2099 et,
949 2043 1066 2090 exstant.
1094 2034 1241 2103 Descripsit
1261 2050 1333 2089 curm
1352 2034 1441 2091 Caroli
1465 2035 1552 2106 lingui
1572 2036 1741 2092 constitutio·

108 2107 280 2162 homininum
298 2107 369 2162 diem
385 2121 416 2161 aa
435 2106 472 2159 ite
486 2105 613 2160 secundo.
636 2103 807 2161 Pentecostes
820 2117 901 2159 rene·
949 2119 1022 2170 nem,
1044 2120 1096 2174 qua
1116 2103 1255 2160 renovarit
1273 2102 1441 2159 Constantini
1464 2104 1633 2175 imperatoris
1653 2105 1740 2174 legem

107 2177 245 2232 rationem
262 2177 289 2232 iu
299 2177 389 2245 capite
399 2121 433 2230 CV
444 2173 582 2244 conjungit
595 2190 657 2231 cum
668 2174 809 2238 Paschate,
821 2174 859 2228 ita
869 2179 900 2228 ιιι
949 2175 983 2230 de
995 2175 1139 2245 episcopali
1153 2173 1263 2242 judicio.
1279 2173 1353 2229 Hanc
1368 2188 1449 2244 porro
1464 2174 1551 2230 Caroli
1568 2175 1739 2231 constitutio-

107 2255 172 2304 outo
184 2247 241 2301 dies
249 2244 359 2302 Paschae
370 2244 459 2300 ieriari
471 2253 596 2327 oportere
605 2243 686 2311 dieat,
698 2246 731 2300 de
741 2243 901 2300 Pentecoste
950 2246 1010 2301 dem
1026 2245 1149 2314 accipere
1167 2259 1224 2299 ιιοιι
1233 2244 1326 2327 pontit
1336 2258 1377 2299 aa
1396 2245 1483 2307 irone,
1498 2245 1567 2315 apud
1587 2259 1667 2314 quem
1686 2259 1741 2301 non

108 2331 165 2372 nou
179 2315 260 2371 dicat.
275 2314 328 2370 Sed
341 2316 391 2370 ista
402 2317 576 2385 quaerrdetur
591 2314 766 2385 repugnantia
783 2313 840 2369 tolli
852 2314 899 2368 de-
950 2316 1073 2371 habetur.
1086 2315 1197 2385 Accepit
1213 2315 1295 2385 igitur
1312 2331 1345 2370 ox
1356 2313 1563 2398 Capitularibus‚
1583 2323 1613 2370 ιιι
1627 2315 1741 2385 ipsemet

108 2387 157 2442 bet
168 2401 217 2455 per
229 2402 260 2441 ca
280 2393 310 2439 ut
320 2384 355 2441 35·
370 2385 431 2439 lihri
452 2383 561 2441 saeuum
572 2384 777 2454 capitularium,
791 2399 825 2439 ex
846 2397 900 2453 quo
950 2386 1028 2441 docet
1039 2386 1089 2442 his
1105 2385 1194 2441 verbis
1207 2400 1214 2437 :
1234 2383 1301 2439 litec
1319 2385 1341 2440 ti
1359 2401 1417 2467 quta
1436 2386 1572 2457 antiquata
1590 2386 1740 2453 contendat,

107 2462 193 2525 capnt
203 2401 279 2511 isturV
285 2454 397 2510 lietardi
410 2455 592 2509 abbreviatum
604 2462 654 2509 cst.
671 2455 798 2536 incapite
809 2461 900 2508 autem
967 2454 1193 2510 uiainlustiniani
1200 2453 1295 2509 Codice
1302 2455 1681 2517 nonrruuninnturituinscrtn,
1712 2470 1741 2509 er

107 2526 157 2581 illo
180 2525 241 2579 libri
261 2525 372 2580 secundi
393 2525 478 2579 sancit
498 2524 649 2580 ludovicus
660 2522 723 2578 Pius
742 2530 897 2594 imperator,
949 2472 1074 2579 Vesulum
1087 2533 1208 2579 renouata
1220 2534 1366 2593 cognoscat,
1383 2525 1467 2596 quiin
1478 2525 1532 2578 auin
1544 2471 1740 2595 CapitulariVss

108 2595 201 2665 llagni
215 2594 296 2660 lilius,
314 2601 344 2649 ιιι
359 2594 416 2649 dics
426 2593 581 2649 Dominicus
592 2593 703 2648 Paschae
718 2608 778 2649 cum
797 2592 900 2649 honore
950 2595 987 2648 ait
998 2595 1065 2648 inter
1075 2603 1185 2648 catera:
1202 2590 1327 2647 Volumus
1339 2604 1416 2715 nque
1426 2594 1590 2664 praecipimus
1601 2602 1630 2647 ut
1640 2609 1740 2661 omna,

108 2674 137 2719 et
157 2665 305 2721 sobrietate
324 2663 447 2726 colatur,
474 2671 501 2719 et
521 2672 551 2717 ut
571 2663 652 2719 simili
675 2664 754 2718 molo
778 2669 833 2717 tota
855 2663 900 2717 illa
949 2671 1002 2718 etc.
1026 2663 1148 2718 Cratino.
1161 2678 1255 2727 xr,art.
1267 2663 1291 2724 l,
1305 2665 1358 2719 cd
1377 2704 1384 2725 ‚
1404 2661 1549 2735 Volumus).
1563 2662 1740 2718 htlnnocen-

109 2734 279 2789 bebdomada
300 2735 466 2789 observetur.
481 2734 579 2789 Deinde
600 2734 673 2789 addit
685 2748 692 2786 ε
704 2732 738 2786 ln
750 2730 900 2787 Pentecoste
951 2734 1004 2788 tius
1028 2733 1093 2789 llex
1104 2732 1233 2788 Gratiano
1245 2732 1312 2804 (Lib.
1325 2748 1351 2788 rr
1364 2732 1521 2803 ceptrum,
1537 2749 1559 2786 c.
1572 2731 1634 2855 att)
1657 2733 1741 2788 maui-

110 2801 541 2858 sinriliterstinPascha.llirum
587 2810 819 2857 rmnoncsteum
850 2817 900 2856 ras·
951 2801 1018 2858 leste
1040 2801 1183 2872 descripsit
1203 2802 1423 2869 inepistolascri
1444 2801 1615 2858 taannolhll
1644 2803 1677 2857 ad
1698 2819 1742 2857 ar-

111 2818 803 2928 tcrmisissednnuntintionemetlValtintatembeate
835 2870 900 2927 arias
950 2873 1135 2943 chiepiscopos
1153 2879 1181 2927 et
1198 2873 1338 2941 episcopos
1356 2888 1404 3010 gg
1417 2817 1742 2997 Vranciamtetonstitlultos

1405 2956 1588 3010 ,quaeexsa
1621 2958 1650 2996 m
1680 2955 1741 2997 rro

111 3012 117 3025 ‘
187 3012 348 3082 pitularibus
362 3013 486 3081 equibus
504 3013 641 3067 llerardus
654 3011 788 3080 excerpsit
797 3011 898 3066 cousti-
951 3014 1068 3068 secundo
1084 3011 1278 3076 Decretalinm,
1298 3013 1325 3067 in
1343 3026 1396 3080 qua
1409 3012 1481 3065 inter
1493 3020 1591 3066 cetera
1609 3013 1644 3065 ita
1655 3011 1741 3066 habe·

111 3083 231 3137 unone
250 3098 315 3136 suas
335 3082 486 3152 synonice.
512 3081 552 3137 ne
572 3083 605 3137 ue
624 3081 769 3136 nativum
810 3050 935 3135 usoenC
951 3089 994 3136 rur
1006 3099 1013 3134 :
1027 3081 1082 3137 nee
1100 3079 1555 3136 ererttaatumntmummnrmn
1572 3079 1642 3150 qaae
1655 3079 1741 3135 ruo-

111 3150 778 3221 ooustateamdiemuonluissepuhlicocultucel
812 3157 900 3205 ratam
949 3152 1039 3205 danim
1066 3151 1158 3206 statuit
1178 3150 1335 3233 Imperator,
1366 3160 1390 3204 et
1415 3148 1525 3204 Carolus
1545 3148 1686 3214 inuocauit,
1707 3147 1742 3205 tle

110 3237 168 3277 κιο
180 3220 271 3276 Caroli
283 3220 379 3291 llagni.
391 3220 503 3276 Concilii
524 3235 588 3277 sero
600 3220 760 3276 llbemensis
779 3226 838 3275 acta
850 3220 900 3276 sub
950 3220 1026 3290 cuim
1046 3236 1137 3290 paneae
1152 3236 1198 3273 rea
1217 3236 1272 3289 apae
1293 3220 1392 3292 (Philip
1430 3218 1604 3290 shugustus)
1623 3218 1741 3274 nascitur

111 3291 253 3355 Sounatio,
265 3305 380 3360 quorum
392 3291 554 3346 auctoritate
569 3292 640 3346 idem
651 3291 693 3345 vir
707 3290 801 3345 doctus
816 3289 901 3344 utitur
949 3290 1111 3344 descendisse
1130 3304 1139 3342 :
1160 3289 1313 3371 Quicunque
1331 3288 1447 3344 uideicet
1467 3288 1538 3342 litem
1559 3287 1664 3349 habena,
1684 3296 1739 3343 etc.

111 3369 140 3415 ιιι
154 3361 281 3416 ostendat
297 3375 356 3415 earn
374 3360 512 3416 obseruari
527 3359 631 3429 jussam
643 3368 704 3415 ante
716 3367 835 3429 terrrpora
847 3358 900 3414 lle·
951 3358 1025 3429 (Cap.
1040 3358 1128 3413 Novit.
1141 3368 1206 3413 cett.
1219 3358 1252 3412 de
1258 3359 1390 3429 judium).
1411 3357 1449 3412 Es
1469 3355 1598 3412 Gratiano
1616 3357 1742 3412 similitor

111 3431 192 3493 rardi,
204 3445 259 3484 non
270 3437 333 3485 sunt
342 3438 418 3484 extra
429 3431 648 3493 controversiam,
661 3437 689 3485 et
698 3431 765 3485 adeo
776 3428 901 3484 sublestae
950 3435 1112 3497 aeceperunt
1126 3428 1272 3497 Gregorius
1287 3426 1321 3482 tx
1336 3437 1363 3483 et
1378 3428 1548 3483 innocentius
1562 3428 1597 3482 lV
1614 3441 1741 3495 qumcun·

111 3500 242 3569 valdeque
251 3499 338 3554 dubiae
349 3498 410 3555 ddei
420 3501 477 3555 risa
486 3499 630 3556 Sirmundo
637 3506 710 3565 sunt,
719 3498 901 3569 uteaindigna
950 3514 1002 3567 qne
1019 3499 1112 3554 dicunt
1127 3499 1160 3553 de
1176 3498 1228 3552 ista
1239 3497 1409 3553 Constantini
1431 3498 1489 3568 lege
1505 3512 1520 3551 a
1534 3496 1632 3553 Carolo
1643 3495 1743 3565 llagno

112 3569 247 3639 ριιιιιιειίι
265 3569 371 3637 quaein
389 3569 576 3625 collectionem
595 3577 717 3625 veterum
738 3584 751 3623 s
770 3567 901 3623 nodorum
950 3567 1107 3623 confirmata
1120 3574 1147 3623 et
1163 3574 1300 3623 renouata.
1319 3567 1387 3621 Tum
1404 3568 1476 3622 eninr
1493 3581 1547 3621 nou
1565 3567 1740 3622 recurrebant

111 3638 205 3694 Callia
216 3637 392 3693 reserrentur.
412 3638 532 3694 hunotat
540 3645 672 3709 praeterea
683 3638 724 3692 vir
734 3584 901 3693 clarissimus
951 3639 984 3691 ad
1008 3637 1104 3701 sontes,
1126 3639 1173 3692 sed
1193 3647 1290 3691 cuneta
1310 3636 1493 3698 exCrntiano,
1517 3652 1547 3690 su
1586 3650 1661 3691 russo
1682 3635 1740 3705 dus

112 3709 292 3777 Rogatianum
313 3715 370 3762 tres
390 3709 448 3764 dies
466 3708 594 3778 impemri
614 3707 737 3764 aCaralo
757 3707 853 3778 llagno
873 3706 901 3761 in
950 3707 1068 3773 nomine,
1093 3707 1281 3763 describebant
1309 3705 1385 3777 (Vid.
1407 3706 1471 3760 Nat.
1501 3706 1536 3760 nd
1576 3705 1681 3776 spitui„
1709 3722 1737 3777 p.

112 3779 171 3834 loeo
183 3778 264 3846 paulo
279 3785 342 3832 aute
356 3777 463 3834 laudato
476 3793 509 3832 ex
520 3778 589 3833 libro
599 3778 686 3848 primo
697 3777 900 3846 capitularium,
951 3775 1042 3839 libi).

112 3857 140 3904 et
150 3848 184 3902 de
197 3848 252 3902 illis
270 3854 359 3902 tamen
372 3847 452 3903 silere
463 3847 622 3903 llerardum.
642 3845 733 3902 Priruo
746 3855 849 3902 eertum
860 3853 902 3901 cst
978 3841 1098 3900 xxxvl.
1125 3845 1243 3900 Francos
1256 3852 1364 3900 nostros
1376 3859 1427 3915 par
1438 3852 1500 3899 erat
1510 3843 1612 3898 diutins
1623 3843 1740 3898 retinere

111 3917 214 3973 nullum
225 3916 403 3986 Rogatianum
422 3918 607 3972 triduanarum
625 3917 787 3973 mentionem
803 3915 861 3970 heri
874 3915 901 3970 iu
950 3930 1028 3970 usum
1052 3915 1244 3983 Capitnlarium
1270 3930 1350 3983 quam
1372 3922 1484 3969 ceteras
1508 3915 1650 3978 nationes,
1676 3929 1738 3968 curu

112 3989 183 4043 libro
191 3987 281 4055 primo
291 3985 495 4056 Capitularium,
507 3987 553 4042 sed
569 3986 597 4041 in
608 3986 702 4056 qrrinto
713 3986 747 4055 lc.
761 3984 823 4056 150)
841 3993 902 4038 tan-
950 3993 1060 4054 pmpter
1073 3999 1121 4039 eos
1139 3986 1273 4054 praecipue
1287 3983 1400 4039 luissent
1412 3983 1518 4038 condita
1530 4023 1537 4047 ,
1551 3992 1579 4038 et
1598 3983 1632 4036 ah
1644 3996 1739 4036 eorum

113 4056 237 4122 tum,ubi
253 4057 293 4112 sio
309 4056 428 4126 legitur:
445 4055 548 4111 Placuit
567 4056 640 4110 nobis
660 4065 688 4109 ιιι
707 4056 800 4109 litania
816 4055 902 4124 major
951 4055 1058 4122 regibus
1081 4055 1194 4109 sancita.
1218 4051 1311 4122 ltaque
1337 4069 1391 4108 non
1416 4052 1502 4109 solum
1532 4052 1643 4107 llohcrti
1668 4052 1740 4120 regis

112 4127 274 4180 obseruando
295 4127 328 4179 tit
350 4142 367 4178 n
387 4126 487 4180 cunctis
508 4124 664 4180 Christiania
691 4125 781 4179 diebus
803 4123 901 4177 tribue:
950 4139 1024 4189 aero,
1044 4138 1076 4178 nc
1093 4125 1188 4178 deinde
1207 4125 1257 4180 snb
1276 4123 1398 4204 Philippo
1416 4121 1513 4193 primo,
1535 4130 1564 4175 ιιι
1585 4131 1678 4176 notum
1697 4128 1740 4176 est

112 4196 185 4264 guod
201 4203 337 4264 surnptum
348 4203 389 4250 est
400 4211 433 4251 ex
443 4210 547 4250 canone
557 4194 696 4264 trigesimo
704 4194 782 4250 tertio
793 4191 902 4248 concilii
950 4207 985 4246 ex
1005 4193 1125 4262 epismlis
1146 4201 1174 4248 et
1191 4208 1223 4249 ex
1247 4192 1449 4248 collectionibus
1471 4191 1610 4246 canonicis
1631 4191 1739 4258 lvonis,

112 4264 287 4335 lloguntiaci,
305 4265 434 4320 extremis
445 4264 533 4320 Caroli
545 4263 631 4332 ldugni
651 4263 816 4333 temporibus
830 4262 902 4317 cele-
950 4263 1068 4332 episcopi
1082 4262 1270 4324 Commentis,
1290 4277 1384 4318 eorum
1407 4262 1554 4317 audoritas
1593 4260 1675 4315 assim
1693 4274 1741 4314 ua·

113 4335 194 4390 hrati.
226 4334 346 4397 Deinde,
368 4335 509 4390 tamenetsi
531 4349 625 4388 renim
645 4342 717 4389 esset
736 4333 901 4388 mentionem
951 4331 1015 4396 luit,
1030 4332 1076 4388 scd
1088 4333 1184 4398 ctiam,
1198 4334 1237 4386 uti
1249 4331 1417 4397 dicebamus,
1431 4340 1560 4401 regnante
1611 4328 1740 4400 ilippolV

112 4403 266 4459 istiusmodi
273 4404 450 4474 Rogatianum
468 4403 525 4458 lieri
541 4404 569 4458 in
585 4402 652 4458 lihro
667 4404 755 4472 primo
764 4400 900 4484 Capitula-
916 4385 940 4446 ὓ
952 4411 1128 4471 cognomento
1141 4401 1266 4458 Pulchro.
1274 4402 1395 4457 Vidimus
1407 4401 1479 4456 enim
1493 4409 1597 4456 veteres
1608 4401 1741 4455 membra·

112 4475 195 4538 num,
211 4488 266 4528 nun
280 4489 357 4542 :eque
371 4488 464 4529 rerum
480 4481 553 4529 esset
568 4473 681 4528 omissas
696 4473 756 4528 illas
772 4471 856 4527 luisse
869 4470 903 4525 ab
954 4487 1002 4526 nas
1013 4472 1041 4526 in
1054 4473 1151 4542 quibus
1163 4472 1326 4542 descriptum
1344 4478 1403 4527 emt
1414 4470 1558 4527 concilium
1575 4469 1741 4540 provinciale

113 4543 245 4598 lietardo.
259 4542 385 4609 Quamvis
395 4543 467 4597 enim
478 4544 511 4599 de
522 4543 565 4598 his
576 4557 628 4596 non
640 4542 765 4612 loquatur
775 4543 803 4596 in
816 4540 903 4611 capite
952 4542 1073 4597 habitum
1091 4540 1196 4597 Avarici
1217 4541 1366 4612 Biturigum
1384 4556 1456 4596 auno
1469 4541 1546 4604 tuso,
1567 4556 1634 4610 quas
1649 4540 1743 4597 nobis·

112 4613 271 4676 bl,diserte
289 4620 379 4667 umen
397 4613 430 4668 de
448 4613 592 4669 diebuslio
610 4614 731 4668 ationnm
746 4612 802 4682 agit
816 4611 844 4665 in
858 4625 903 4666 ca-
952 4627 1015 4666 eum
1046 4612 1239 4666 humanissime
1270 4625 1320 4692 pro
1348 4627 1399 4666 suo
1429 4626 1505 4666 more
1532 4609 1742 4666 communicavit

113 4683 169 4751 pite
184 4680 230 4745 95,
245 4679 419 4752 Rogatianum
432 4682 513 4737 ctiam
526 4699 559 4735 ru
611 4683 655 4738 ulo
670 4689 759 4744 utens,
776 4680 838 4735 lieet
849 4696 903 4735 non
952 4681 994 4735 vir
1006 4681 1171 4736 clarissimus
1184 4681 1317 4736 Antonius
1330 4679 1406 4752 Vyon
1419 4680 1596 4737 llerarallius.
1610 4680 1639 4735 ln
1653 4678 1742 4747 capite

113 4759 202 4807 exstet
223 4752 250 4806 in
271 4751 358 4819 capite
379 4751 486 4806 laudato
506 4751 566 4806 lihn
602 4752 687 4821 quinti
699 4751 902 4833 capitularium,
953 4759 1043 4806 numm
1056 4750 1090 4806 δί
1109 4751 1182 4806 illius
1203 4750 1311 4806 concilii
1331 4751 1467 4811 statuitur.
1490 4759 1520 4804 ut
1540 4750 1595 4804 dies
1610 4746 1741 4804 dominici

114 4830 141 4875 et
156 4823 183 4875 in
203 4821 340 4875 additione
359 4821 376 4875 ὅ
396 4822 467 4876 unde
478 4821 614 4876 llerardns
633 4829 713 4891 caput
733 4819 805 4876 istud
825 4834 904 4874 suum
953 4830 976 4875 et
991 4820 1058 4890 suta
1076 4821 1217 4874 cumomni
1236 4836 1300 4874 eura
1317 4828 1341 4874 et
1360 4821 1495 4892 diligentia
1507 4821 1692 4892 precipiantur
1707 4815 1741 4871 alt

114 4889 253 4945 mallavit.
275 4890 314 4944 he
332 4891 435 4946 octaris
449 4891 605 4961 Epiphania
626 4890 712 4946 sanor
732 4905 823 4945 veram
844 4904 905 4944 esse
953 4890 1023 4945 omni
1036 4888 1120 4944 seruili
1133 4905 1207 4960 opera
1223 4889 1362 4944 obseruari.
1381 4890 1551 4945 inhaesero
1564 4886 1740 4945 Constitutio-

114 4961 342 5023 ohserrationom,
358 4969 385 5015 et
399 4961 594 5029 pretermissas
612 4963 722 5016 omnino
738 4975 798 5015 esse
817 4960 844 5014 in
860 4973 904 5015 ca·
952 4975 1018 5014 num
1030 4958 1161 5013 insertum
1172 4959 1305 5028 reperitur
1324 4958 1450 5029 caputii
1462 4959 1523 5014 lihri
1536 4960 1616 5041 primi
1630 4956 1745 5025 Capitu-

114 5030 208 5098 pitulis
231 5028 353 5084 llerardi.
377 5029 413 5083 ht
432 5046 486 5085 non
509 5031 571 5085 iude
596 5040 685 5086 tamen
705 5029 795 5100 colligi
816 5035 904 5099 potest
953 5029 1059 5093 larium,
1074 5030 1120 5083 sed
1133 5037 1235 5084 mutato
1246 5029 1327 5100 stylo,
1339 5031 1390 5085 hoe
1403 5026 1738 5085 animumanimum

114 5099 232 5168 capitula
253 5099 341 5153 Caroli
362 5099 449 5169 llagrd
473 5101 593 5169 neglecta
613 5108 671 5154 turn
692 5101 775 5156 luisse
800 5100 828 5154 in
848 5098 904 5167 cpi-
952 5100 990 5152 ita
1003 5097 1190 5152 obseruandum
1203 5109 1240 5153 est
1253 5109 1281 5152 ut
1338 5117 1382 5154 nes
1394 5108 1418 5152 et
1431 5098 1573 5153 Missurum
1585 5094 1749 5175 sollempnia

114 5179 227 5238 seopatu
238 5169 383 5225 Turonico.
395 5169 478 5224 Error
491 5168 595 5224 fortean
611 5171 713 5225 librarii
730 5168 791 5233 luit,
805 5169 859 5239 qui,
873 5174 904 5222 ut
952 5177 1090 5238 eteagute
1108 5168 1143 5221 ad
1147 5207 1200 5222 .....
1203 5178 1255 5235 tur,
1269 5169 1385 5224 uidelicet
1400 5178 1578 5237 utneeopera
1595 5163 1740 5218 tumultuin

114 5254 186 5308 saepe
206 5239 330 5294 ridemus
350 5240 376 5293 iu
396 5240 515 5309 antiquis
535 5239 619 5305 libris,
635 5250 738 5293 actuum
750 5237 904 5308 Epiphaniae
952 5254 983 5292 eo
995 5253 1028 5306 ap
1031 5275 1085 5291 .....
1088 5254 1118 5292 aa
1131 5236 1227 5303 colant,
1241 5255 1288 5293 nee
1301 5254 1405 5319 caumas
1418 5246 1501 5300 arent,
1516 5251 1561 5289 nec
1573 5248 1682 5289 messem
1685 5270 1740 5287 .....

112 5309 206 5364 omisit
236 5317 326 5377 ropter
337 5309 503 5365 uicinitatem
513 5309 587 5364 vocis
598 5309 762 5380 Epiphaniae.
953 5309 1133 5370 nuntiarent,
1149 5325 1195 5361 nee
1209 5325 1294 5378 sepem
1308 5308 1416 5377 socrant,
1431 5322 1476 5359 nec
1491 5302 1583 5359 ulnam
1599 5341 1653 5356 .....
1669 5311 1740 5371 pent,

149 5377 210 5432 xil.
227 5379 259 5433 V.
279 5377 471 5447 Capitulurinm
491 5379 582 5449 itaque
592 5377 721 5462 regalium
735 5391 830 5446 magna
843 5377 903 5432 ubi·
953 5393 1000 5430 nec
1020 5376 1126 5430 arbores
1149 5378 1260 5442 cudant,
1275 5393 1320 5430 nee
1341 5385 1411 5430 artos
1429 5374 1539 5444 faciant,
1560 5374 1611 5427 nisi
1628 5371 1680 5426 etti
1702 5371 1740 5426 nd

113 5461 166 5517 que
180 5455 242 5504 erat
259 5449 413 5511 auctoritas,
425 5465 475 5519 par
489 5465 550 5503 curn
565 5465 650 5504 sacris
664 5448 812 5504 canonibus
831 5463 905 5502 rere·
954 5446 1060 5518 tripoda
1082 5448 1242 5510 necestitate,
1256 5455 1293 5500 set
1315 5462 1329 5498 r
1331 5482 1385 5497 .....
1407 5443 1506 5498 molunt
1527 5441 1581 5497 ullo
1593 5440 1681 5505 moda,
1694 5455 1741 5495 nec

113 5519 211 5572 reuda.
223 5517 434 5573 Duravitau'tem
445 5535 511 5574 usus
521 5535 613 5574 eorum
623 5534 671 5589 per
682 5519 784 5601 aliquot
794 5517 902 5582 meula,
953 5533 1047 5586 panem
1068 5524 1210 5585 quoquam,
1225 5531 1270 5568 nec
1289 5516 1318 5568 in
1338 5514 1417 5585 petria
1439 5511 1565 5575 laborent,
1580 5529 1626 5566 nec
1648 5511 1741 5564 domus

112 5587 244 5643 nimirum
265 5602 351 5657 usque
379 5590 411 5642 ad
435 5588 554 5644 Gratiani
575 5597 704 5658 tempora,
727 5602 782 5643 imo
804 5588 903 5652 etiam,
953 5593 1125 5651 construant,
1146 5601 1192 5638 nee
1208 5592 1429 5647 cannamomum,
1443 5582 1663 5637 mendanereats
1680 5595 1744 5634 aar»

117 5659 272 5724 urridetur,
284 5659 411 5729 usquead
423 5657 659 5730 reguumPhilippi
672 5658 714 5723 lV,
726 5664 905 5726 cognomento
954 5656 1072 5721 ueniunt,
1086 5671 1131 5711 nec
1142 5654 1288 5710 uenationes
1305 5663 1452 5709 exerceant.
1468 5651 1535 5709 ltem
1547 5651 1651 5724 {emine
1663 5664 1742 5712 opero

110 2943 232 3067 ιὶιὲιιίε,
244 2958 305 2998 cum
320 2942 392 2997 nulla
407 2943 503 2997 horum
519 2941 648 2998 festorum
659 2942 759 2997 mentio
770 2942 901 2997 habeatnr
951 2941 1096 3013 (liugnald.
1112 2941 1148 2995 ad
1164 2959 1209 2996 nn.
1224 2941 1302 3004 tuot,
1322 2942 1336 3013 i

110 3029 138 3066 rn
