3824 6112
132 449 187 504 755

366 445 439 502 COD.
461 444 595 500 uulua.
616 476 650 484 —
664 443 840 500 beatotum
860 448 1119 506 ttat‘ttb‘ttttttltt
1138 451 1339 510 cuthberto.
1358 486 1393 493 —
1407 449 1480 509 tte?
1494 447 1514 508 l.
1714 458 1764 515 75⁸

171 561 233 614 aaa.
254 557 349 623 Oriades
376 573 501 626 personae
519 556 553 609 ad
569 573 662 610 cannae
678 556 860 610 discernendas
878 558 884 586 ¹
899 567 922 609 et
939 564 960 616 Α
976 565 1063 626 quatis
1080 569 1107 613 et
1120 565 1336 619 antecessoribus
1353 566 1453 620 nostris
1469 566 1578 633 methas
1590 569 1632 622 vel
1650 569 1765 639 impera-

131 629 314 684 terrninandna
325 626 385 697 eligi
396 628 514 680 debeam.
528 627 565 680 ιιι
576 627 722 688 advocatis,
737 624 921 690 vicedominis,

132 701 253 761 vicariis,
268 697 430 753 centenariis
442 697 545 764 pravis,
564 706 594 750 ut
606 697 734 751 tollantur
751 705 778 749 et
793 696 859 751 tales
872 697 922 750 eli-

134 783 244 842 gantur,
257 769 303 839 qui
325 777 352 821 et
370 769 456 821 sciant
474 775 501 820 ct
517 767 601 820 velint
616 768 685 822 iuste
700 782 808 821 causam
823 765 923 821 discer-

135 857 201 896 nere
222 848 249 894 ct
267 839 432 893 terminare·
447 836 481 889 Et
504 837 625 906 quisquis
643 839 653 868 ¹
672 852 771 908 pravus
794 837 921 892 iuventus

134 912 228 975 luerit,
241 909 319 964 nohis
354 924 384 963 ro
396 915 470 962 certo
482 908 631 962 nuntietur.

170 982 233 1035 eat.
254 980 292 1033 De
311 925 427 1038 teronem,
443 994 510 1047 qaae
520 977 530 1008 ⁸
541 979 573 1031 de
593 978 715 1031 mereatis
727 985 750 1030 et
764 976 873 1045 nauigiis
886 976 924 1031 aei

134 1053 206 1115 aliia,
231 1060 276 1103 aut
299 1064 466 1120 quaeeunque
486 1048 580 1101 iniuste
602 1048 756 1117 exiguntur,
781 1047 844 1116 qaid
865 1047 923 1115 pieri

134 1124 237 1176 deleat.
260 1120 298 1173 ιιι
317 1118 430 1174 teloneis
447 1118 536 1186 placet
552 1119 630 1172 uobis
653 1117 701 1181 ita,
721 1126 752 1170 ιιι
772 1117 882 1185 antiqua
897 1124 924 1170 et

134 1194 207 1247 iusta
233 1191 338 1246 telonea
365 1204 380 1242 a
404 1188 618 1256 negotiatoribus
641 1187 784 1257 exigantur
809 1194 864 1240 tam
891 1188 924 1241 de

136 1263 273 1332 pontibus,
287 1275 367 1329 quam
379 1260 412 1314 de
422 1259 536 1328 navigiis
551 1274 599 1313 scu
612 1260 748 1312 mercatis.
773 1256 845 1311 Nora
860 1272 924 1312 vero

137 1334 196 1388 sive
213 1332 322 1393 iniusta,
335 1329 382 1384 uhi
395 1329 437 1382 vel
457 1328 534 1383 lunes
547 1329 703 1391 tenduntur,
720 1328 762 1382 vel
775 1342 836 1381 cunr
850 1327 926 1381 navi·

135 1405 188 1460 hus
201 1402 251 1457 suh
262 1400 389 1472 pontibus
401 1399 541 1463 transitur,
554 1415 601 1454 seu
610 1399 653 1453 his
665 1397 775 1460 similia,
788 1397 925 1467 inquibus

136 1474 239 1529 nullum
258 1470 420 1527 adiutorium
438 1469 600 1525 iterantibus
615 1477 777 1538 praestetur,
795 1482 848 1522 non
867 1467 925 1522 ιιι-

137 1552 245 1615 gantur.
264 1540 395 1596 Similiter
412 1541 494 1596 etiam
513 1555 564 1594 nec
580 1541 613 1594 de
631 1540 684 1605 his,
704 1539 749 1606 qui
773 1539 830 1617 sino
844 1552 926 1607 nego

138 1613 224 1670 tiandi
241 1627 322 1667 causa
335 1611 515 1666 substantiam
528 1625 605 1664 suam
618 1610 715 1665 dc'una
735 1609 814 1664 domo
829 1623 878 1662 sua
891 1607 925 1661 ad

136 1684 217 1738 aliam
236 1683 332 1737 autad
349 1680 479 1750 palatium
494 1689 541 1734 aut
558 1679 748 1735 inexercitum
767 1678 877 1734 ducunt.
895 1676 923 1731 Si

135 1754 201 1822 quid
215 1768 280 1809 vero
297 1751 388 1817 luerit,
408 1750 479 1805 unde
497 1750 644 1812 dubitetur,
660 1751 693 1803 ad
711 1748 840 1818 placitum
857 1749 925 1803 'uo

976 631 1081 684 toribus
1095 640 1218 686 servatus
1236 648 1295 688 esse
1308 637 1488 703 cognoscitur.

1009 699 1070 754 aaa.
1092 700 1125 754 Ut
1144 704 1228 755 oratio
1251 704 1381 758 dominica
1402 717 1425 759 et
1437 705 1582 775 symbolam
1606 716 1630 761 et
1652 722 1695 762 ten
1718 726 1765 765 rent

974 769 1089 841 capitatia
1102 787 1190 841 regam
1202 773 1340 842 diligenter
1350 775 1543 845 irretiebantur.
1552 776 1603 833 Ubi
1616 778 1678 832 laici
1691 794 1765 849 sym·

975 841 1066 894 hulam
1091 843 1281 896 etorationeni
1303 844 1465 899 dominicam
1489 846 1605 914 pleniter
1630 849 1764 903 ediscant.

975 909 1093 965 Comites
1114 927 1221 981 quoque
1240 920 1267 966 ct
1285 915 1432 969 centenarii
1450 926 1477 968 et
1493 918 1576 971 ceteri
1594 918 1697 972 nobiles
1713 920 1766 974 viri

975 980 1060 1048 legem
1076 996 1153 1034 suam
1166 983 1279 1050 pleniter
1294 984 1304 1014 ι
1328 985 1442 1047 discant,
1456 986 1527 1040 sicut
1542 989 1569 1041 iu
1580 986 1634 1042 alio
1647 987 1708 1043 loco
1719 991 1764 1044 de-

974 1057 1079 1104 cretum
1092 1062 1144 1106 est.
1156 1051 1339 1122 Praecipimus
1351 1063 1441 1109 autem
1454 1056 1544 1110 missis
1559 1056 1669 1122 nostris,
1686 1068 1716 1112 ut
1732 1075 1764 1114 en

974 1135 1043 1188 quae
1059 1137 1075 1174 a
1089 1121 1180 1176 multis
1199 1123 1253 1175 ianr
1271 1125 1349 1178 annis
1369 1139 1419 1208 per
1436 1126 1595 1195 capitularia
1625 1135 1718 1183 nostra
1736 1129 1765 1183 iu

974 1198 1032 1245 toto
1047 1205 1130 1261 regno
1146 1201 1240 1247 nostro
1256 1195 1458 1260 mandavimus,
1478 1210 1569 1264 agere,
1587 1198 1701 1263 discere,
1718 1200 1766 1253 oh-

974 1276 1093 1325 servare,
1109 1262 1151 1317 vel
1171 1262 1197 1317 in
1219 1265 1441 1319 consuetudinem
1467 1266 1566 1321 hahere
1587 1267 1719 1332 debeant,
1735 1278 1765 1324 ut

975 1330 1043 1385 haec
1059 1332 1149 1386 cannia
1161 1348 1233 1388 nunc
1245 1334 1290 1389 dili
1311 1343 1387 1389 enter
1406 1335 1553 1404 inquirant,
1565 1348 1593 1392 et
1604 1339 1714 1393 ovnuina
1731 1339 1765 1393 ad

975 1401 1115 1456 servitium
1139 1403 1185 1456 ιιιι
1214 1412 1241 1458 ιι
1272 1350 1309 1458 avi
1340 1405 1484 1460 utilitatem
1519 1415 1640 1462 nostram
1664 1409 1707 1462 vel
1730 1408 1765 1463 ad

974 1472 1096 1526 omnium
1107 1472 1317 1528 christianorum
1327 1475 1466 1530 hominum
1478 1476 1624 1545 perlectum
1636 1478 1766 1533 innovare

975 1542 1110 1606 studeant,
1133 1551 1160 1598 ct
1179 1552 1308 1613 quantum
1324 1545 1438 1600 Domino
1459 1547 1576 1602 donante
1596 1549 1764 1617 praevalent,

975 1613 1008 1666 ad
1033 1612 1182 1694 perlectum
1210 1629 1294 1698 usque
1316 1616 1473 1684 perducant.
1506 1618 1540 1671 Et
1558 1618 1636 1674 nohis
1655 1618 1766 1674 omnino

975 1691 1144 1748 annuntient,
1167 1684 1228 1753 quis
1249 1685 1312 1741 tude
1332 1687 1432 1742 bonam
1454 1696 1591 1744 certamen
1610 1688 1661 1743 hoc
1679 1689 1766 1742 adim-

975 1753 1048 1822 plere
1058 1753 1207 1817 habuisset,
1220 1764 1252 1809 ut
1268 1757 1351 1811 allec
1366 1764 1394 1812 et
1409 1758 1514 1813 anchis
1526 1759 1640 1827 gratiam
1655 1758 1764 1811 haheat.

135 1833 233 1890 strum,
247 1823 317 1893 quod
333 1836 394 1877 cum
407 1821 499 1876 missis
513 1821 614 1876 nostris
632 1820 750 1875 habituri
763 1832 866 1885 sumus,
885 1820 925 1873 in·
949 1838 951 1842 ⁴
975 1822 1026 1889 Qui
1041 1832 1132 1878 autem
1149 1824 1295 1895 neglegens
1314 1827 1376 1881 inde
1392 1825 1483 1889 luerit,
1502 1835 1532 1881 ut
1551 1829 1631 1882 talem
1647 1828 1768 1896 discipli-

135 1904 298 1980 terroqetur.
770 1960 776 1972 Ι
918 1960 925 1971 ·
942 1903 1040 1961 fluam
1055 1895 1195 1963 percipiat,
1208 1895 1315 1965 qualem
1331 1895 1393 1951 talis
1408 1896 1444 1950 sit
1459 1906 1629 1967 contemptor
1646 1898 1768 1966 recipere

170 1963 235 2018 ets.
255 1964 293 2018 De
308 1964 348 2018 tris
363 1964 407 2034 qai
424 1979 457 2017 aa
473 1959 559 2016 occulo
573 1961 608 2015 ad
634 1970 794 2015 monasteria
811 1969 924 2015 concerti
977 1964 1084 2034 dignus,
1097 1966 1351 2021 utcacterimetum
1364 1967 1615 2037 haheautamplius.

135 2033 234 2089 colavit.
248 2034 338 2089 Liberi
348 2034 481 2098 homines,
497 2031 543 2102 qui
561 2032 594 2085 ad
611 2031 752 2087 servitium
765 2031 812 2084 Dei
830 2045 859 2085 se
874 2039 926 2084 tra·
1012 2035 1074 2089 stt.
1096 2033 1134 2089 ue
1155 2037 1284 2090 occisione
1300 2035 1453 2091 elericorum
1467 2047 1491 2092 et
1506 2038 1671 2092 sacerdotum
1691 2048 1771 2109 atque

138 2105 324 2168 daramium,
347 2105 423 2175 prius
440 2103 492 2158 hoc
509 2118 562 2157 non
583 2100 694 2164 iaciant,
711 2116 792 2170 quam
817 2101 927 2155 anohts
977 2105 1174 2159 monacharum.
1196 2105 1246 2173 Qui
1261 2106 1454 2162 subdiaconum
1470 2108 1612 2169 occiderit,
1632 2116 1770 2165 trecentos

138 2175 276 2229 licentiam
326 2174 436 2230 stulent.
454 2174 512 2229 lloc
523 2172 583 2228 ideo
597 2171 787 2242 praecipimus,
799 2171 864 2252 quia
875 2185 925 2252 au·
977 2174 1078 2229 solidos
1102 2184 1245 2259 conponat.
1270 2175 1320 2242 eui
1345 2178 1496 2242 diaconum,
1523 2178 1767 2248 quadringentns'

139 2245 257 2300 divimus
277 2245 380 2313 aiquos
397 2260 431 2300 ιι
453 2244 506 2298 illis
529 2258 582 2298 non
600 2253 654 2297 tam
676 2256 758 2297 causa
777 2241 927 2296 devotionis
977 2245 1088 2303 solidos.
1112 2245 1163 2313 Qui
1175 2247 1366 2317 presbiterum,
1382 2258 1525 2304 sexcentos
1547 2248 1569 2301 ⁸.
1592 2247 1643 2315 Qui
1663 2251 1768 2319 episco-

139 2330 220 2383 quavn
236 2315 383 2370 exercitum
402 2316 458 2370 sive
472 2314 552 2368 aliam
568 2313 733 2368 structionem
748 2326 778 2366 re
796 2311 864 2366 alem
884 2310 926 2365 iu·
976 2331 1051 2384 pum,
1073 2326 1224 2385 nongentos
1244 2318 1265 2369 ⁹.
1290 2315 1342 2383 Qui
1361 2320 1541 2383 monachum,
1565 2318 1771 2388 quadringentis

138 2385 251 2453 giendo;
268 2387 397 2454 quosdam
414 2399 477 2440 vero
497 2384 652 2453 cupiditatis
670 2397 751 2453 causa
769 2328 803 2436 aqi
814 2382 867 2446 his,
879 2381 926 2450 qui
977 2385 1020 2442 cul
1042 2386 1121 2441 abilis
1133 2386 1275 2443 iudicetur.

138 2470 182 2510 res
199 2454 305 2510 illorum
321 2456 523 2526 concupiscunt,
543 2455 742 2510 circumventos
756 2450 924 2518 audivimus;
1013 2400 1074 2509 iae.
1090 2456 1127 2511 he
1137 2458 1257 2528 dampnis
1274 2459 1301 2511 in
1313 2457 1609 2527 inmanitatihaesaetie.
1623 2457 1724 2527 Siquis
1741 2458 1770 2511 in

137 2535 165 2579 et
178 2525 230 2580 hoc
243 2525 303 2580 ideo
317 2526 375 2581 lteri
390 2527 574 2596 prohibemus.
978 2525 1139 2583 inmunitate
1149 2527 1293 2598 dampnum
1304 2527 1412 2598 aliquod
1423 2527 1525 2592 lecerit,
1538 2536 1680 2585 sexcentos
1692 2528 1712 2559 ¹⁰
1723 2544 1769 2583 so-

173 2594 236 2650 256.
256 2594 295 2650 De
309 2597 457 2651 laminiana
469 2594 625 2666 pauperihus
643 2592 740 2658 liberis,
757 2604 786 2646 at
804 2610 819 2647 a
837 2599 928 2662 poten·
978 2595 1047 2651 lidos
1061 2612 1112 2652 con
1149 2607 1205 2652 uat.

136 2665 249 2721 tiorihm
275 2683 327 2720 non
350 2667 530 2748 opprimantur
554 2664 659 2718 iniuste.
688 2663 726 2718 De
753 2661 928 2733 oppressione
1013 2667 1076 2721 aba.
1132 2685 1146 2722 ι
1170 2667 1273 2737 samias
1301 2668 1373 2737 infra
1391 2669 1559 2723 emunitatem
1578 2669 1683 2725 retentio
1703 2667 1766 2738 qaid

136 2750 286 2818 pauperum
301 2735 440 2790 hommum
463 2736 623 2800 liberorum,
639 2743 670 2787 ut
689 2748 743 2789 non
759 2735 824 2787 ham
845 2747 860 2786 a
880 2748 928 2803 po·
978 2737 1107 2805 agendam
1121 2738 1164 2791 rit.
1182 2738 1211 2794 st
1223 2747 1314 2794 autem
1326 2739 1406 2795 homo
1417 2737 1518 2792 lurtum
1534 2747 1580 2794 aut
1593 2738 1769 2794 homicidium

138 2806 299 2861 tentvorihus
316 2820 364 2875 per
378 2807 486 2876 aliquod
505 2806 604 2859 malum
626 2805 761 2874 ingenium
780 2818 874 2859 contra
888 2803 929 2857 iu·
978 2805 1084 2872 lecerit,
1097 2809 1138 2863 vel
1150 2810 1289 2878 quodlibet
1306 2808 1410 2865 crimen
1428 2808 1495 2864 soris
1507 2810 1681 2864 committeus
1699 2807 1770 2862 iufra

137 2877 241 2931 stitiarn
266 2877 397 2945 oppressi,
420 2876 457 2932 ita
482 2884 512 2930 ut
532 2876 618 2930 coacti
643 2891 687 2929 rea
701 2888 794 2930 eorum
811 2872 929 2928 vendant
980 2877 1178 2933 immunitatem
1201 2878 1314 2948 fugerit,
1339 2879 1448 2933 mandet
1468 2895 1560 2934 coines
1581 2880 1622 2934 rol
1644 2879 1771 2948 episcopo

139 2955 188 3000 aut
207 2947 325 3000 tradant.
343 2947 406 3002 ldeo
423 2947 491 3002 haec
509 2954 539 3000 ut
561 2961 640 3015 supra
665 2952 694 2999 ιι
712 2947 756 3000 hic
778 2947 812 3000 de
836 2943 929 3025 liberis
979 2947 1020 3001 vel
1035 2948 1126 3003 abbati
1144 2948 1186 3004 vcl
1197 2949 1366 3011 vicedomno,
1379 2948 1420 3002 vel
1437 2948 1474 3002 illi
1487 2949 1534 3018 qui
1548 2950 1634 3004 locum
1650 2947 1769 3070 episcopi

137 3016 294 3072 hominihus
309 3017 436 3082 diximus,
455 3033 489 3071 ιιι
508 3015 578 3071 forte
599 3024 725 3084 parentes
742 3024 836 3070 contra
852 3024 929 3068 rusu-
979 3017 1020 3071 vel
1033 3018 1138 3073 abbatis
1154 3020 1281 3083 tenuerit,
1296 3028 1325 3073 ιιι
1338 3019 1431 3072 reddat
1444 3018 1469 3072 ei
1483 3034 1568 3072 reum.
1602 3018 1630 3072 Si
1648 3018 1666 3071 il
1677 3033 1692 3071 e
1705 3033 1770 3072 con-

138 3087 205 3140 tiam
219 3088 284 3142 haut
295 3088 449 3143 exheredati
463 3083 927 3212 etreqaleobsequiumminuatur⁸
979 3088 1120 3142 tradixerit
1139 3098 1166 3144 et
1183 3089 1295 3143 reddere
1313 3089 1441 3150 noluerit,
1461 3102 1509 3155 pro
1527 3088 1614 3156 prima
1632 3087 1771 3141 contradi-

138 3166 167 3211 et
183 3157 233 3226 ipsi
251 3157 362 3213 heredes
376 3166 487 3228 propter
504 3157 531 3211 iu
550 3175 558 3211 1
579 3157 679 3210 evetiam
696 3155 813 3210 mendici
831 3154 872 3208 ιιι
889 3154 929 3208 la·
980 3157 1070 3213 ctione
1081 3160 1234 3227 quindecim
1247 3159 1347 3214 solidos
1356 3165 1500 3226 conponat.
1516 3157 1545 3211 st
1557 3173 1606 3213 uec
1617 3158 1650 3211 ad
1661 3159 1771 3212 tertiam

138 3235 233 3282 trones
253 3243 299 3282 seu
322 3227 508 3283 malefactores
530 3173 690 3281 etlssciantur.
715 3227 748 3279 Et
769 3235 799 3279 ut
820 3225 929 3293 saepius
941 3259 965 3324 c
980 3229 1134 3285 consentire
1152 3229 1277 3295 voluerit,
1302 3228 1430 3298 quicquid
1453 3242 1514 3282 reus
1536 3227 1643 3297 dampni
1666 3225 1770 3289 iecerit,

140 3312 193 3352 non
207 3298 272 3352 liant
286 3299 399 3352 manniti
413 3299 447 3354 ad
462 3298 600 3367 placitum,
617 3297 670 3351 nisi
683 3297 755 3351 sicut
772 3296 800 3349 in
814 3295 868 3351 alio
883 3309 929 3349 ca·
980 3307 1067 3353 totum
1088 3299 1151 3362 ille,
1174 3300 1296 3369 quicum
1318 3297 1387 3352 inira
1408 3298 1583 3352 emunitatem
1602 3298 1701 3351 retituet
1721 3312 1773 3352 nec

139 3368 249 3437 pitulari
283 3369 442 3438 recepimus.
979 3367 1092 3423 reddere
1112 3370 1179 3435 vult,
1203 3369 1308 3424 solvere
1328 3377 1450 3436 cogatur.
1478 3368 1513 3423 Et
1534 3369 1592 3450 ipse
1611 3382 1702 3423 contos
1722 3382 1771 3420 ve·

175 3437 237 3491 25¹1.
279 3456 293 3492 e
311 3438 424 3493 ecelesiis
443 3440 496 3492 eice
515 3437 612 3492 sanctie
634 3447 736 3491 noarter
755 3435 874 3491 incentis.
891 3436 930 3490 ιιι
979 3439 1055 3494 niem
1068 3439 1088 3470 ¹⁸
1100 3438 1237 3495 licentiam
1255 3440 1353 3495 haheat
1374 3439 1461 3507 ipsum
1481 3439 1618 3492 honunem
1644 3436 1712 3492 inira
1730 3437 1773 3490 in·

139 3508 263 3563 ecclesiis
280 3524 326 3563 seu
343 3510 444 3564 sanctis
464 3509 570 3562 noviter
586 3508 644 3561 sine
660 3506 822 3562 avvcmritate
840 3507 929 3561 inven-
978 3509 1139 3564 munitatem
1160 3510 1315 3579 quaerendi,
1334 3510 1486 3577 ubicunque
1505 3525 1566 3563 earn
1584 3507 1705 3563 invenire
1719 3521 1770 3576 po-

141 3579 176 3632 tis
188 3579 240 3634 nisi
256 3579 381 3647 episcopo
392 3579 524 3647 probante
536 3578 646 3632 minime
657 3585 821 3631 venerentur
835 3593 841 3629 :
855 3576 929 3631 salva
980 3580 1071 3634 tuerit.
1084 3579 1113 3634 Si
1128 3589 1218 3635 autem
1232 3580 1260 3633 in
1272 3580 1358 3650 prima
1372 3579 1546 3648 inquisitione
1557 3579 1648 3633 couriti
1663 3593 1773 3645 respon-

140 3648 222 3702 ctiam
235 3650 268 3703 do
280 3650 333 3704 hoo
348 3656 375 3703 ct
395 3648 429 3704 de
446 3649 572 3704 omnihus
589 3648 712 3703 ecclesiis
730 3646 861 3702 canonica
882 3662 930 3700 au·
979 3665 1038 3704 sum
1064 3649 1155 3714 luerit,
1181 3652 1252 3720 quod
1279 3665 1341 3704 reus
1362 3648 1432 3703 intra
1456 3650 1643 3703 inmunitatem
1662 3649 1772 3718 quidem

142 3719 279 3774 ctoritate.
979 3719 1083 3782 luisset,
1097 3719 1144 3775 scd
1155 3721 1217 3791 luga
1231 3721 1323 3790 lapsus
1334 3720 1424 3782 luerit,
1441 3719 1533 3773 statim
1548 3720 1619 3773 iuret
1630 3718 1702 3789 quod
1714 3718 1773 3787 ipse

176 3788 240 3845 258.
262 3787 296 3842 tn
308 3790 466 3845 heribannus
482 3792 578 3862 absque
611 3806 765 3845 ersonaram
783 3787 930 3857 acceptione
979 3791 1086 3845 ouvuad
1101 3791 1233 3845 iustitiam
1251 3791 1393 3845 cuiuslibet
1405 3788 1596 3844 disfaciendam
1612 3788 1704 3859 sugere
1718 3803 1773 3840 ιιιιιι

141 3857 255 3927 fideliter
267 3860 299 3913 ab
313 3857 430 3914 omnihus
444 3862 572 3930 eeipmar.
635 3860 784 3915 heribanno
797 3857 928 3921 voluums,
979 3859 1103 3924 fecissem
1120 3870 1149 3916 et
1164 3862 1199 3916 sit
1215 3861 1240 3916 ei
1258 3861 1285 3914 in
1303 3862 1354 3915 hoc
1368 3858 1546 3914 satisfactum.
1570 3858 1597 3912 Si
1620 3869 1710 3913 antem
1729 3859 1773 3911 in·

142 3937 172 3982 ut
189 3929 265 3984 missi
286 3930 373 3984 nostri
393 3930 444 3986 hoc
465 3931 579 3985 fideliter
598 3931 707 4001 exigant
731 3933 832 3999 absque
849 3926 930 3981 ullius
979 3931 1061 3984 tranti
1084 3931 1112 3983 in
1127 3931 1213 3999 ipsam
1234 3931 1423 3984 inmunitatem
1444 3930 1537 3983 comiti
1558 3929 1669 3982 collecta
1690 3943 1772 3980 manu

140 4011 273 4066 personae
284 4001 380 4068 gratia,
393 4000 522 4055 blanditia
538 4009 697 4056 seuterrore
716 4000 862 4055 secundum
879 3996 931 4050 ius·
979 4000 1106 4068 quislibet
1127 4002 1254 4055 resistere
1274 4000 1432 4064 tentaverit,
1453 4014 1544 4052 carneos
1565 4000 1615 4052 hoc
1630 3998 1663 4050 ad
1681 4012 1772 4065 rogem

142 4069 247 4123 sionem
263 4079 393 4124 nostram.
411 4070 438 4125 ld
453 4078 494 4125 est
509 4081 538 4125 ut
550 4072 582 4126 de
594 4072 701 4125 homine
716 4071 831 4125 habente
846 4067 930 4120 libras
979 4069 1022 4123 vel
1044 4068 1077 4122 ad
1095 4070 1244 4139 principem
1266 4068 1378 4131 delerat,
1400 4079 1430 4121 ut
1448 4067 1547 4120 ibidem
1573 4067 1715 4120 indicetur.
1739 4067 1772 4119 ιιι

141 4153 188 4192 sex
206 4139 235 4192 in
248 4154 324 4204 auro,
338 4141 365 4194 in
382 4148 503 4211 argento,
520 4141 632 4206 bruniis,
652 4147 816 4201 aeramento,
834 4136 930 4206 pannis
980 4139 1049 4194 sicut
1064 4137 1118 4202 ille,
1131 4141 1214 4207 quiin
1232 4138 1391 4192 inmunitate
1402 4139 1530 4191 damnum
1542 4135 1615 4197 lecit,
1628 4145 1772 4189 sexcentus

143 4209 268 4278 integris,
285 4210 405 4274 caballis,
423 4210 520 4275 hobus,
532 4212 637 4273 ovilae,
652 4209 741 4264 vaccis
758 4209 799 4263 vel
815 4207 868 4260 alio
882 4219 930 4274 pe·
980 4208 1240 4278 solivlosconponere
1253 4208 1339 4270 debet,
1354 4208 1391 4260 ita
1402 4206 1446 4274 qui
1460 4206 1552 4259 conniti
1565 4206 1677 4259 collecta
1692 4220 1771 4257 ιιιιιιιιι

141 4278 224 4342 culio,
246 4280 283 4335 ita
306 4290 336 4336 ut
358 4295 454 4335 uxores
474 4295 567 4334 eorum
589 4281 630 4335 vol
653 4279 770 4334 infantes
787 4292 840 4332 nou
865 4276 931 4330 liant
980 4279 1109 4334 resistere
1122 4277 1423 4349 praesumit,sexccntis
1438 4274 1530 4329 solidis
1546 4274 1688 4344 culpabilis
1701 4274 1773 4328 iudi-

141 4349 251 4417 spoliati
262 4366 312 4420 pro
325 4352 375 4405 hac
390 4365 419 4404 ro
439 4351 472 4404 de
487 4351 656 4404 vestimentis
670 4365 777 4411 eorum,
798 4346 932 4414 accipiant
981 4358 1069 4405 cetur.

143 4417 293 4489 legitimum
311 4421 515 4485 haeribannum,
529 4421 556 4475 id
571 4430 613 4474 est
631 4421 789 4474 librastrcs
805 4415 856 4483 Qui
868 4431 932 4472 vero
1016 4418 1078 4472 aut.
1100 4419 1138 4471 De
1155 4417 1219 4472 locis
1238 4417 1273 4471 ad
1292 4414 1407 4471 claustra
1429 4416 1613 4470 canonicorum
1638 4414 1770 4483 [iacienda.

142 4503 195 4542 nou
209 4489 334 4546 hahuerit
351 4490 466 4559 anrplius
483 4494 510 4546 in
527 4490 710 4559 suprascripto
723 4489 810 4556 pretio
826 4487 932 4542 valente
982 4491 1019 4544 [ιι
1033 4488 1203 4544 locisdandis
1215 4490 1248 4544 ad
1264 4488 1380 4542 claustra
1394 4487 1585 4540 canonicorum
1601 4484 1733 4548 iacienda,
1749 4485 1771 4538 si

142 4558 196 4613 uisi
212 4558 297 4616 libras
314 4571 378 4623 tres,
393 4560 469 4614 solidi
488 4560 598 4642 triginta
614 4562 648 4615 ah
662 4575 694 4614 eo
710 4560 861 4628 exigantur.
879 4555 930 4623 Qut
982 4558 1015 4613 de
1030 4559 1150 4614 eiusdem
1164 4559 1293 4614 ecclcsiae
1304 4557 1384 4611 rebus
1396 4555 1484 4619 luerit,
1504 4564 1595 4610 nostra
1612 4553 1773 4634 liberalitate

142 4637 234 4683 autem
249 4646 302 4685 non
315 4631 439 4685 hahuerit
455 4631 569 4698 amphus
582 4630 632 4684 nisi
646 4629 712 4683 duas
728 4629 817 4690 libras,
837 4627 930 4682 decem
946 4608 1145 4684 Dconcedatur
1155 4629 1202 4684 ihi.
1217 4629 1245 4683 Si
1256 4629 1288 4683 de
1299 4627 1409 4681 alterius
1419 4627 1460 4680 vel
1471 4625 1608 4688 ecclcsiae,
1621 4623 1663 4677 vel
1673 4623 1773 4678 bhcro-

143 4698 244 4754 solidos
264 4702 360 4756 solvat.
381 4701 409 4754 Si
431 4716 494 4755 vero
508 4701 560 4755 nisi
578 4715 658 4755 unam
680 4700 775 4753 libram
798 4699 931 4764 hahuerit,
984 4715 1041 4753 rum
1054 4699 1202 4762 horminum,
1215 4704 1405 4754 commutetur.
1419 4697 1447 4751 Si
1459 4705 1547 4750 autem
1560 4696 1593 4751 de
1604 4695 1668 4749 lisco
1680 4702 1774 4748 nostro

143 4769 246 4824 solidos
260 4772 388 4852 quinque,
404 4772 440 4825 ita
461 4777 491 4838 ut
508 4770 604 4825 iterum
628 4785 656 4825 se
670 4769 757 4823 valeat
770 4782 933 4838 praeparare
983 4769 1073 4834 luerit,
1088 4779 1180 4823 nostra
1194 4768 1354 4824 liberalitate
1367 4767 1540 4821 covrcedatur.
1706 4833 1711 4843 Ι
1755 4833 1761 4843 ⁶

144 4839 178 4892 ad
191 4837 239 4893 Dei
252 4843 390 4896 servitium
408 4848 435 4895 et
449 4843 482 4895 ad
494 4850 613 4894 nostram
637 4841 790 4893 utilitatem.
812 4837 845 4891 Et
857 4837 933 4891 missi
1020 4839 1082 4893 265.
1102 4839 1141 4893 lle
1157 4841 1285 4910 emptione
1299 4849 1414 4907 ternpore
1426 4838 1517 4892 messis
1527 4853 1607 4890 eausa
1624 4833 1774 4903 crepidarum

143 4910 231 4964 nostri
255 4918 367 4966 caveant
381 4925 408 4964 et
429 4909 570 4979 diligenter
591 4910 738 4978 inquirant,
759 4923 792 4962 ne
813 4922 862 4976 par
884 4907 934 4961 ali·
983 4920 1007 4963 et
1018 4910 1102 4980 turpis
1120 4908 1196 4962 lacri.
1213 4909 1381 4976 viicumque
1397 4918 1516 4976 temporo
1533 4905 1628 4959 viressis
1645 4902 1687 4955 ιιι
1704 4910 1772 4980 teur-

144 4981 216 5047 quod
228 4982 327 5035 malam
341 4981 476 5050 ingenium
490 4989 610 5035 nostram
630 4977 933 5034 subtralrautiustitiam
984 4993 1049 5048 pure
1071 4978 1221 5034 vindemiae
1240 4994 1293 5033 non
1313 4978 1485 5040 vvocessitote,
1507 4976 1553 5029 sed
1573 4984 1773 5050 proptercap13

145 5050 223 5103 alteri
238 5051 369 5106 tradendo
386 5060 432 5104 aut
446 5048 668 5104 commendando.
983 5049 1094 5102 ditatam
1116 5058 1244 5116 conparat
1259 5049 1279 5078 ¹¹
1291 5062 1424 5100 annonam
1445 5054 1492 5099 aut
1512 5045 1615 5107 vinum,
1638 5040 1678 5094 ιιι
1700 5040 1773 5092 verbi

179 5119 243 5174 259.
264 5121 303 5175 De
317 5121 465 5174 horniaihar
479 5119 516 5174 ael
535 5119 637 5188 [mitrata
650 5118 747 5182 liberis,
764 5119 808 5189 qui
825 5133 884 5170 cam
902 5116 936 5184 fi·
988 5118 1074 5189 gratia
1088 5114 1121 5169 de
1138 5118 1243 5171 duobus
1259 5117 1376 5171 denariis
1392 5124 1520 5185 conparat
1542 5113 1659 5166 modium
1679 5124 1772 5171 ιιιιιιιιι,

145 5188 253 5244 acclinis
273 5208 300 5245 se
318 5193 439 5260 irrepant.
460 5189 550 5244 Liheri
569 5190 702 5254 homines,
721 5189 767 5257 qui
784 5203 881 5242 uxores
903 5186 936 5240 de
987 5197 1014 5242 et
1033 5194 1152 5240 reservat
1167 5201 1251 5255 usque
1269 5188 1333 5240 duvn
1349 5184 1503 5239 venundare
1521 5183 1604 5250 possit
1620 5187 1714 5234 contra
1729 5179 1776 5232 de-

147 5258 220 5313 liacis
250 5261 384 5330 regalibus
406 5260 518 5323 habent,
541 5267 568 5312 et
590 5258 715 5322 lenriuac,
741 5273 810 5326 quae
835 5258 936 5311 liberae
988 5258 1079 5311 uarios
1096 5263 1212 5325 quatuor
1231 5264 1278 5309 avvt
1298 5270 1345 5309 sex
1367 5270 1413 5309 scu
1433 5252 1556 5321 amplius,
1578 5252 1629 5305 hoc
1643 5257 1720 5329 turpe
1737 5248 1775 5300 lu·

147 5329 534 5385 suntethovnincssrscalinos
552 5329 640 5398 regios
658 5330 937 5382 authabentoutac·
988 5342 1063 5382 crum
1085 5326 1208 5380 dicimus.
1237 5325 1265 5379 Si
1291 5341 1356 5379 vero
1378 5325 1428 5377 hoc
1447 5330 1557 5390 propter
1586 5325 1773 5398 incessantem

147 5399 261 5467 cipiunt,
275 5400 315 5454 vol
327 5401 360 5453 ιιι
373 5400 522 5454 ltereditate
539 5407 680 5468 pareutum
694 5398 735 5451 vel
747 5399 779 5451 ιιι
791 5413 872 5451 carisa
886 5410 936 5451 sua
988 5404 1132 5465 conparat,
1150 5403 1179 5448 ut
1195 5396 1246 5450 sihi
1267 5395 1365 5450 haheat
1381 5403 1407 5447 ct
1426 5393 1486 5445 aliis
1508 5391 1621 5453 trilmat,
1638 5395 1774 5456 negotium

148 5470 300 5537 quaerenda
318 5486 367 5524 nec
381 5469 415 5523 de
433 5469 586 5524 testimonio
600 5485 649 5537 pro
662 5470 711 5522 hac
729 5484 757 5522 re
768 5467 935 5528 abiciantur;
988 5467 1112 5521 dicimus.
1613 5530 1618 5540 ι
1751 5527 1757 5537 .

148 5541 196 5594 sed
214 5541 276 5595 talis
294 5540 471 5595 etiam'uohis
494 5540 521 5594 in
537 5539 588 5593 bac
604 5554 684 5593 causa
700 5538 786 5592 lrovvor
803 5544 935 5599 serretur,
1023 5536 1084 5590 266.
1104 5536 1144 5589 lle
1155 5534 1297 5589 stabilitate
1312 5535 1489 5604 episcoporum
1502 5529 1540 5583 rel
1556 5525 1720 5582 clericorum.
1738 5527 1777 5582 he

755 5627 1166 5709 vaniaarnsunenbnns.

188 5768 463 5828 ¹discutiendasllnl.
500 5761 765 5824 ’sicomesllhlh
802 5761 871 5832 ’qui
884 5759 917 5816 G.
954 5758 1148 5829 ‘palatiumlh
1186 5755 1345 5811 'minuetur
1356 5752 1389 5809 G.
1427 5749 1562 5835 ‘derata
1599 5750 1776 5835 'Dssinlaer

146 5841 298 5900 carreao'G.
346 5831 700 5895 'DCGCCinlororasoG.
749 5831 797 5886 ἰ.
814 5831 915 5889 deuito
928 5839 1061 5901 conponat
1075 5831 1103 5884 ia
1115 5829 1171 5884 laea
1185 5842 1244 5882 raso
1259 5824 1292 5881 G.
1345 5825 1366 5857 ¹⁰
1386 5820 1493 5880 DCCCC
1509 5820 1776 5878 rnloeocorraeab.

149 5916 169 5947 ¹¹
183 5913 273 5972 tmtlat
289 5912 322 5968 G.
335 5928 366 5966 ex
379 5919 487 5965 remeet.
526 5909 547 5940 ¹²
559 5913 685 5975 conparet
697 5902 729 5958 G.
