3826 6112
138 267 190 322 tent

617 264 740 320 ctuosi
762 263 867 319 sitem
889 266 963 320 oet).
985 265 1074 320 ttius
1093 266 1112 320 l.
1133 265 1255 321 sectio
1275 265 1295 319 l.

1722 255 1773 314 rto

136 375 321 448 pacificatione
335 375 403 428 inter
415 389 460 427 eos
472 373 614 427 carticula-e
629 390 681 427 nou
694 375 798 441 pnssint
812 376 830 437 ¹,
849 377 928 428 adro
942 381 964 435 Α
979 393 1063 430 conus
1078 384 1167 429 ιιιιιιιιι
1187 377 1295 430 cardine
1314 375 1476 429 constitutus
1494 371 1520 425 in
1539 371 1606 426 urbe
1620 371 1708 426 Roma
1725 371 1773 430 uisi

137 448 190 502 erut
203 463 296 500 mittun
310 446 335 499 in
351 445 429 498 mallo
445 445 551 513 publico
571 444 604 496 ad
618 445 799 511 praesentiant
821 447 928 500 comitis

136 518 255 578 veniant,
270 525 297 569 ct
310 517 345 569 ibi
370 515 504 583 legitimus
520 515 650 567 terminus
665 530 758 568 eorum
778 517 929 569 contentio-

137 589 216 641 nibus
228 588 378 654 inponatur.
400 585 494 639 Testes
509 600 573 638 sero
590 586 621 639 de
639 584 757 653 qualibet
772 601 853 639 eausa
874 601 927 639 non

137 657 245 710 aliunde
258 664 433 723 quaerantur,
457 656 508 709 nisi
530 656 562 709 de
586 655 643 724 ipso
658 655 798 720 comitatu,
824 656 850 708 in
875 671 929 725 quo

137 744 191 788 res,
207 726 277 779 uude
296 739 377 778 eausa
390 726 489 792 agitur,
514 729 617 793 positae
635 734 711 790 srtnt;
730 726 793 794 quia
812 741 866 779 nou
886 736 928 781 cst

136 796 275 857 credibile,
290 805 319 848 ιιι
332 796 373 848 ιιι
385 797 417 850 de
434 804 503 849 statu
526 796 642 850 bominis
656 795 741 848 uelde
759 796 929 864 possessione

136 866 279 921 cuiuslibet
300 880 348 934 per
363 867 429 919 alios
443 866 539 919 melius
553 867 591 919 rei
615 867 715 920 teritus
735 866 860 934 cognosci
882 882 929 920 sa·

136 937 200 998 lcat,
215 952 293 1004 quam
307 952 355 1004 pcr
368 937 435 998 illos,
455 937 500 1006 qui
519 937 661 990 viciniores
685 945 757 990 sunt.
785 937 814 989 st
838 945 929 990 tamen

136 1008 282 1070 contentio,
300 1023 369 1075 quae
380 1009 449 1061 inter
463 1024 508 1061 eos
523 1016 618 1061 exorta
631 1016 683 1072 cst,
700 1008 726 1060 in
738 1007 856 1060 conlinio
866 1007 930 1060 duo

137 1092 197 1131 rmn
221 1078 397 1131 comitatuum
423 1076 514 1142 luerit,
541 1078 619 1132 liccat
638 1079 677 1131 eis
702 1079 735 1132 dc
759 1077 845 1130 vicina
865 1092 929 1131 ccu-

136 1155 199 1271 theua
222 1147 369 1202 adiacentis
387 1149 530 1202 comitatus
558 1150 591 1201 ad
610 1164 720 1203 cansam
743 1163 819 1201 suam
846 1155 929 1202 testes

159 1219 250 1271 abere.

172 1288 234 1341 etti.
254 1286 293 1340 lle
314 1297 384 1341 terra
404 1289 552 1342 tributario.
579 1288 747 1358 Quicumque
762 1298 861 1342 terram
879 1289 929 1342 tri-

137 1359 282 1422 butariam,
297 1359 367 1412 undo
388 1359 518 1413 tributum
540 1359 572 1412 ad
595 1367 697 1428 partem
715 1369 834 1414 nostram
855 1360 929 1413 exire

137 1428 251 1493 solebat,
267 1429 308 1481 rel
323 1429 356 1482 ad
371 1429 512 1484 ecelesiam
528 1430 570 1483 rel
591 1430 700 1484 cuilibet
716 1430 794 1484 alteri
812 1429 929 1484 tradide-

137 1499 183 1561 rit,
200 1500 223 1553 is
238 1500 283 1568 qui
295 1514 353 1552 cam
370 1500 527 1569 susceperit,
543 1502 672 1555 tributum
684 1499 754 1569 quod
768 1500 830 1554 iude
841 1499 929 1554 solse-

138 1569 218 1623 batur
230 1570 302 1622 onmi
316 1570 394 1624 modo
406 1571 439 1624 ad
452 1579 555 1639 partem
571 1579 691 1624 nostram
708 1572 857 1640 persolvat:
876 1569 927 1624 nisi

138 1637 208 1692 lorte
231 1639 311 1692 talem
336 1641 489 1694 tirmitatent
510 1642 541 1694 de
565 1649 642 1709 parte
661 1640 794 1695 dominica
819 1641 926 1703 babeat,

983 449 1008 501 in
1036 448 1145 515 triginta
1165 462 1212 500 scx
1235 462 1287 500 non
1309 445 1540 500 eotulenmabitur.
1575 442 1774 508 Subdiaconus‚

981 518 1103 577 acolitos.
1120 517 1264 580 exorcista,
1286 516 1378 577 lector,
1401 516 1462 578 uisi,
1481 515 1551 568 sicut
1571 513 1705 582 scriptum
1725 524 1773 578 cst,

980 589 1007 642 itt
1035 598 1137 657 septem
1159 587 1320 642 testimoniis
1341 585 1410 639 lllios
1432 586 1565 639 babentes
1586 591 1612 638 et
1632 600 1734 639 uxores
1751 597 1776 640 et

979 660 1089 714 omnino
1116 659 1253 713 Christum
1270 656 1465 726 praedicantes.
1491 654 1536 708 Sic
1560 655 1642 709 datur
1664 655 1774 725 anystica

980 730 1090 783 veritas.

1014 801 1076 854 505.
1091 798 1133 852 Eo
1143 795 1361 867 capitulitdomni
1372 793 1593 866 lloroli,quolt'ter
1601 809 1635 848 ιι
1642 793 1721 862 furtis
1732 803 1776 848 eut

980 870 1077 923 mansis
1101 868 1138 922 uel
1158 869 1257 938 quartis
1278 867 1288 897 ²
1307 882 1448 936 rttunopero
1476 876 1500 918 ct
1519 873 1664 918 censurae
1680 865 1776 919 tributo

980 951 1056 1009 utque
1070 939 1168 1009 reliquo
1182 938 1288 991 cerritiu
1304 938 1452 1006 eaiqontttr.
1472 935 1524 990 Pro
1542 935 1627 988 obuia
1646 935 1776 989 reclama·

981 1010 1062 1074 tione,
1076 1025 1144 1078 quae
1161 1008 1194 1062 ad
1211 1023 1259 1060 nos
1273 1007 1346 1060 venit
1362 1006 1395 1060 de
1406 1006 1560 1060 bominibus
1581 1004 1777 1060 ecclesiasticis

980 1094 1027 1134 seu
1049 1079 1184 1140 fiscalinis,
1210 1078 1255 1146 qui
1279 1093 1331 1131 nou
1355 1087 1433 1131 eraut
1455 1076 1600 1142 adiurnati,
1620 1075 1730 1144 quando
1750 1077 1776 1130 in

980 1149 1178 1205 Cenomauuioo
1191 1163 1260 1217 pago
1273 1148 1383 1212 luimus,
1398 1149 1486 1201 risum
1500 1155 1541 1201 cst
1554 1146 1634 1201 nobis
1648 1161 1701 1199 una
1716 1161 1775 1200 cum

980 1221 1104 1275 consultu
1123 1220 1241 1274 bdelium
1261 1227 1415 1273 nostrorum
1431 1225 1559 1282 statuere,
1574 1226 1604 1271 ut
1621 1218 1775 1286 quicunque

980 1291 1013 1346 dc
1026 1291 1170 1361 praedictis
1186 1288 1338 1344 bominibus
1350 1296 1474 1358 quartam
1493 1286 1557 1341 lacti
1580 1294 1656 1341 tenet
1673 1287 1695 1351 ⁸,
1715 1303 1776 1342 cum

979 1361 1036 1415 suis
1049 1361 1211 1415 animalibus
1225 1359 1324 1413 seniori
1337 1375 1386 1413 suo
1402 1359 1517 1428 pleniter
1530 1373 1615 1411 unum
1628 1356 1701 1411 diem
1716 1373 1776 1412 cum

980 1447 1029 1487 suo
1042 1441 1133 1486 aratro
1146 1431 1172 1483 in
1186 1445 1280 1499 eampo
1296 1429 1430 1484 dominico
1449 1436 1507 1482 aret
1524 1437 1552 1482 et
1564 1436 1660 1497 postca
1676 1427 1785 1483 nullum

980 1503 1118 1556 servitium
1142 1500 1167 1555 el
1188 1499 1303 1554 anrtualc
1326 1501 1353 1554 in
1376 1500 1434 1569 ipsa
1461 1498 1629 1553 bebdomada
1644 1513 1658 1551 a
1674 1499 1789 1553 seniore

979 1587 1029 1628 suo
1042 1573 1204 1641 requiratur.
1224 1571 1257 1624 Et
1269 1570 1315 1639 qui
1336 1579 1410 1624 tanta
1424 1569 1551 1623 animalia
1565 1583 1622 1622 uon
1637 1569 1731 1632 babet,
1751 1578 1795 1622 ιιι

980 1643 1007 1696 in
1021 1659 1076 1698 uno
1089 1643 1133 1698 die
1152 1643 1203 1697 boc
1217 1642 1325 1710 explere
1344 1642 1448 1706 valeat,
1470 1637 1592 1709 perficiat
1611 1637 1788 1708 praedictum

138 1724 187 1777 per
206 1725 286 1778 quam
308 1709 394 1778 ipsum
419 1711 548 1765 tributum
567 1711 619 1765 sibi
640 1711 817 1779 perdonatum
843 1712 928 1781 possit
947 1729 1051 1792 Bopus
1065 1714 1091 1766 in
1102 1712 1205 1769 duobus
1215 1711 1414 1781 dicbus.thui
1426 1710 1594 1766 solummodo
1605 1710 1643 1762 ita
1653 1709 1787 1773 inualida,

139 1781 292 1833 ostendere.

175 1849 236 1904 298.
260 1849 297 1902 de
315 1859 385 1903 terro
410 1849 516 1904 censali.
543 1851 572 1905 Si
598 1851 658 1921 quis
682 1859 782 1905 terram
804 1850 932 1906 censilem

140 1920 274 1983 babuerit,
291 1935 371 1988 quam
395 1931 581 1988 antecessores
592 1923 634 1976 sui
648 1922 689 1976 sel
703 1923 735 1975 ad
751 1921 868 1991 aliquam
888 1936 933 1975 ec·

140 1990 250 2045 clesiam
269 1991 310 2043 uel
326 1991 358 2044 ad
377 1992 467 2046 rillam
488 2000 607 2047 nostram
625 1993 765 2053 dederunt,
782 1992 933 2046 nullatenus

139 2075 200 2114 carn
220 2061 365 2114 sccumlum
382 2060 469 2132 legem
485 2070 575 2117 tencre
588 2072 684 2132 potest.
705 2063 755 2116 nid
777 2063 822 2115 ille
840 2062 932 2116 solue-

140 2132 186 2193 rit,
203 2132 237 2186 ad
250 2132 327 2186 cuius
343 2139 502 2200 patestatem
516 2134 557 2186 rel
573 2134 616 2188 illa
634 2133 747 2190 ccclesia
760 2133 802 2187 vel
814 2132 859 2186 illa
871 2133 932 2186 xilla

141 2202 274 2271 pertinet;
293 2203 345 2257 nisi
356 2202 425 2257 l'orte
439 2203 509 2256 lilius
526 2215 572 2258 aut
586 2220 669 2273 nepos
687 2204 745 2258 cius
758 2203 801 2266 sit,
816 2203 861 2272 qui
873 2217 933 2256 earu

140 2272 262 2334 tradidit,
275 2282 321 2327 aut
339 2273 362 2327 ci
386 2275 479 2328 eadem
502 2285 573 2328 terta
593 2276 626 2329 ad
649 2274 794 2329 tenendum
815 2274 933 2342 placita¹

141 2343 187 2396 sit.
206 2342 259 2397 Sed
281 2345 307 2396 in
329 2343 378 2399 bac
394 2360 424 2398 re
443 2346 666 2399 considerandum
687 2353 739 2409 est,
768 2353 858 2398 utrum
878 2344 932 2409 illc,

141 2412 187 2481 qui
204 2414 273 2466 banc
289 2421 370 2477 tenet,
388 2415 461 2468 dives
477 2431 509 2467 an
528 2431 629 2484 pauper
648 2417 692 2476 sit,
714 2425 738 2468 ct
754 2425 843 2468 utrum
862 2414 936 2469 aliud

141 2482 301 2537 benebcium
313 2485 410 2538 babeat
423 2485 463 2537 vel
480 2487 561 2538 etiam
574 2488 723 2554 proprium.
736 2485 769 2538 Et
780 2485 825 2554 qui
838 2486 935 2538 borum

142 2562 268 2607 neutrum
291 2553 380 2618 baltct,
401 2571 464 2625 erga
489 2556 559 2609 butte
582 2555 935 2625 misericorditeragendum

141 2632 194 2685 est,
217 2638 250 2675 no
271 2639 302 2676 ex
321 2632 377 2677 toto
395 2627 547 2706 expoliatus
566 2625 593 2679 in
608 2632 755 2696 egestatem
770 2625 889 2688 incidat;
906 2633 937 2680 ut

142 2702 190 2747 aut
210 2693 289 2746 talem
303 2709 413 2747 censum
433 2696 494 2750 mdc
513 2695 609 2758 sob'at,
624 2697 712 2766 qualis
724 2696 749 2749 ci
772 2695 852 2750 luerit
871 2710 937 2749 cou-

142 2762 261 2824 stitutus,
278 2764 319 2818 rcl
343 2766 494 2832 portionem
516 2767 633 2836 aliquam
655 2768 716 2822 inde
732 2766 758 2820 in
774 2764 936 2821 ltcnclrcium

142 2834 199 2887 acci
221 2834 267 2898 iat,
282 2835 352 2888 unde
363 2852 392 2889 sc
405 2845 556 2891 sustentare
569 2837 664 2890 ualeat.

177 2850 239 2959 illl).
262 2904 300 2958 lle
320 2905 497 2961 obsecratione
515 2917 710 2978 praeceptorum
733 2907 934 2963 dominicorum.

143 2975 181 3029 lle
200 2976 390 3030 obseruatione
406 2989 611 3047 praeceptorum
630 2993 785 3032 nostrorum
805 2987 833 3031 ct
849 2979 938 3034 inmu-

143 3045 268 3111 uitatum,
296 3055 326 3100 ut
354 3048 391 3101 ita
418 3050 595 3103 observentur·
611 3048 802 3118 praecipiums,
826 3049 897 3104 sicut
919 3065 934 3104 a

143 3119 257 3170 uol.:isct
271 3118 305 3170 ab
324 3120 543 3174 antecessoribus
561 3120 661 3173 uostris
682 3118 859 3173 constitutum
881 3129 933 3174 est.

176 3187 239 3240 500.
261 3186 299 3240 De
316 3205 356 3253 eo,
374 3191 418 3258 qui
436 3192 568 3260 proprium
589 3189 742 3260 derelinquit
767 3205 875 3243 retorem
897 3190 935 3245 uel

141 3258 197 3310 tine
217 3255 294 3327 culpo
313 3259 445 3326 interficit,
464 3271 487 3314 et
506 3260 585 3314 ulium
605 3259 686 3313 dircit.
703 3260 861 3329 Quicunque
873 3275 936 3330 pro-

141 3327 200 3396 pria
220 3343 304 3382 uxore
320 3329 447 3383 derelicta
466 3331 506 3385 rel
526 3332 584 3384 sinc
605 3331 682 3399 culpa
698 3329 838 3385 iuterlceta
855 3331 936 3386 aliam

142 3398 260 3462 duxerit,
276 3400 359 3453 armis
372 3402 500 3468 depositis
513 3401 647 3471 publicam
660 3411 720 3470 agat
730 3402 932 3469 poeniteutiam.

143 3467 177 3520 lit
197 3469 218 3521 si
240 3477 386 3522 contumax
408 3473 496 3533 bresit,
514 3472 773 3593 conqtracbcrulatur
795 3473 934 3535 acontite,

143 3545 170 3592 et
184 3538 255 3592 icrro
266 3539 326 3592 rinc
339 3550 400 3593 atur
410 3552 437 3594 et
448 3543 473 3594 in
489 3550 565 3596 custo
588 3542 638 3594 iam
651 3542 781 3605 mittatur,
794 3542 881 3597 donce
893 3558 936 3597 res

144 3607 177 3661 ad
192 3616 311 3662 nostram
324 3611 445 3664 notitiam
459 3613 615 3666 deducatur.

180 3679 241 3732 501.
262 3679 300 3731 De
315 3679 403 3734 liberis
419 3682 583 3745 bominibus,
602 3681 646 3751 qni
662 3681 796 3752 proprium
815 3698 866 3737 non
889 3684 937 3736 btr-

143 3747 213 3810 lrent,
226 3749 271 3802 ted
286 3749 313 3801 in
331 3759 402 3804 terro
418 3750 549 3805 dominico
568 3751 688 3815 resident,
708 3753 742 3805 od
759 3754 936 3806 testimouium

143 3835 195 3872 uon
212 3819 376 3889 recipiendis.
395 3823 432 3875 Dc
452 3821 543 3877 liberis
561 3822 724 3886 bominibus,
739 3823 784 3892 qui
798 3824 937 3892 proprium

142 3904 196 3942 non
216 3890 324 3954 babent,
338 3891 385 3944 sed
405 3893 432 3960 in
451 3902 521 3947 terra
536 3893 670 3948 dominica
688 3893 815 3958 resident,
831 3901 861 3947 ut
873 3910 936 3963 pro-

141 3968 202 4028 ptcr
225 3975 267 4015 res
291 3961 402 4018 alterius
426 3963 460 4017 ad
482 3964 665 4019 testimonium
684 3978 738 4018 uon
762 3965 935 4034 recipiantur.

140 4030 333 4086 coniuratores
363 4042 453 4089 tamen
483 4035 598 4089 aliorum
624 4033 762 4089 bominum
791 4035 852 4090 idco
876 4050 937 4090 esse

141 4111 262 4170 possunt,
278 4103 341 4171 quia
356 4103 432 4159 liberi
452 4114 525 4160 suut.
545 4106 583 4160 llli
601 4119 673 4167 sero,
693 4107 738 4176 qui
754 4116 781 4159 et
797 4106 936 4175 proprium

141 4171 239 4225 babent
252 4182 280 4227 ct
293 4184 381 4229 tamen
396 4175 422 4229 in
436 4184 507 4230 terra
520 4176 653 4232 dominica
668 4177 796 4239 resident,
811 4185 936 4245 propter·

139 4255 170 4294 ca
189 4259 242 4296 nou
260 4245 425 4310 abiciantur,
440 4248 503 4315 quia
519 4249 545 4302 in
561 4256 631 4302 terra
653 4246 787 4302 dominica
803 4247 934 4312 residcnt;

141 4312 187 4365 scd
210 4323 319 4383 propter
342 4316 392 4370 boc
414 4320 447 4371 ad
470 4319 653 4374 testimonium
676 4319 850 4389 recipiantur,
873 4319 936 4385 quia

140 4384 278 4450 proprium
291 4386 399 4440 babent.

984 1793 1014 1838 ιιι
1028 1799 1077 1854 per
1087 1799 1116 1838 sc
1132 1797 1185 1839 uon
1200 1782 1284 1852 possit
1297 1782 1307 1812 ¹⁵
1322 1798 1410 1847 arare,
1424 1790 1539 1851 quatuor
1550 1779 1680 1833 animalia
1693 1779 1791 1845 babet,

985 1869 1046 1909 cum
1062 1854 1118 1919 eis,
1136 1853 1245 1908 sociatis
1265 1852 1316 1907 sibi
1338 1852 1408 1916 aliis,
1427 1858 1485 1905 aret
1499 1865 1553 1904 uno
1573 1850 1618 1904 die
1639 1850 1666 1902 in
1688 1865 1783 1920 campo

984 1925 1109 1989 senioris,
1122 1932 1245 1979 etunum
1269 1922 1339 1977 diem
1362 1922 1533 1992 postmodum
1551 1921 1579 1974 in
1602 1921 1662 1990 ipsa
1683 1920 1780 1976 bebdo-

984 1998 1063 2049 mada
1079 2010 1161 2063 opera
1179 2008 1305 2048 manuum
1325 1992 1416 2048 saciat.
1436 1992 1470 2046 Et
1488 1990 1535 2061 qui
1551 1990 1621 2045 nibil
1635 2005 1670 2045 ex
1690 1990 1732 2044 bis
1741 1988 1778 2044 ia-

984 2079 1046 2121 oerc
1064 2074 1152 2135 potest
1167 2079 1254 2133 neque
1270 2064 1395 2118 anirualia
1414 2064 1509 2123 babet,
1523 2075 1573 2130 per
1595 2069 1651 2115 tres
1663 2061 1722 2116 dies
1740 2077 1773 2115 se

984 2136 1054 2191 niori
1084 2151 1132 2190 suo
1159 2136 1283 2189 manibus
1310 2134 1352 2189 ⁰a
1375 2148 1567 2200 manc-usque
1588 2131 1623 2186 ad
1643 2146 1774 2200 vesperam

985 2214 1120 2276 operetur,
1137 2214 1164 2259 et
1176 2206 1265 2259 senior
1284 2221 1350 2260 suus
1364 2206 1398 2259 ab
1410 2220 1442 2258 co
1460 2204 1470 2233 a
1487 2202 1606 2272 amplius
1621 2218 1676 2255 non
1695 2201 1773 2271 tequi-

986 2287 1046 2332 rat:
1060 2277 1174 2331 diuersis
1192 2290 1307 2344 natuque
1323 2276 1410 2330 modis
1430 2276 1496 2328 bace
1509 2273 1674 2343 agebantur.
1689 2271 1710 2324 d
1723 2273 1772 2340 qui·

984 2348 1098 2403 busdam
1119 2355 1173 2401 tota
1191 2346 1358 2413 bebdomada
1373 2346 1562 2414 operabatur,
1586 2359 1601 2397 a
1620 2343 1770 2412 quibusdan

986 2414 1106 2481 dimidia,
1122 2427 1148 2472 et
1164 2432 1178 2471 a
1192 2416 1353 2486 quibusdam
1368 2417 1420 2471 duo
1435 2416 1501 2471 dics.
1524 2413 1632 2468 ldcireo
1644 2413 1712 2468 baec
1726 2423 1770 2466 sta·

986 2489 1096 2552 tuituus,
1117 2498 1146 2542 ιιι
1166 2505 1198 2542 ιιι
1215 2486 1316 2541 familia
1338 2503 1367 2543 se
1387 2503 1401 2541 a
1416 2483 1563 2556 praedictis
1580 2483 1710 2553 operibus
1724 2483 1772 2536 sub

988 2558 1095 2613 trabere
1114 2559 1215 2628 possit,
1235 2572 1322 2628 neque
1349 2573 1364 2611 a
1382 2557 1534 2612 senioribus
1554 2555 1675 2624 amplius
1694 2554 1772 2607 abeis

987 2629 1150 2699 requiratur.
1170 2630 1203 2683 Et
1221 2628 1266 2699 qui
1287 2629 1375 2683 ntinus
1393 2635 1506 2697 quartae
1524 2625 1647 2695 optimae
1665 2624 1697 2678 de
1713 2630 1773 2678 terra

988 2701 1077 2764 babet,
1091 2702 1239 2755 secundum
1255 2699 1471 2753 aestimationem
1491 2711 1558 2752 suae
1579 2694 1686 2750 telluris
1705 2708 1773 2775 opera

987 2771 1077 2824 iaciat.
1107 2770 1178 2825 llaec
1201 2771 1234 2824 ab
1253 2769 1388 2824 bdolardo
1408 2769 1509 2823 comite
1525 2766 1621 2836 palatii
1645 2773 1728 2820 nostri
1749 2763 1773 2816 al

987 2857 1081 2897 eurum
1107 2841 1319 2896 satisfactionem
1341 2855 1478 2894 unacum
1503 2838 1565 2892 abis
1589 2836 1713 2891 bdelibus
1735 2851 1771 2888 nn

987 2912 1052 2993 stris
1080 2912 1199 2983 praecipi
1230 2913 1288 2967 sice
1318 2920 1408 2966 nostra
1438 2918 1466 2963 et
1491 2908 1604 2977 publice
1632 2903 1773 2961 annuntiari

988 2997 1126 3039 iussimus.

947 3052 1086 3178 cUbtll.
1107 3051 1142 3107 Ur
1165 3054 1277 3124 episcopi
1303 3054 1412 3107 incestor
1435 3049 1575 3104 emendent
1600 3059 1625 3103 et
1642 3047 1771 3116 corripuit.

1012 3132 1023 3176 t
1043 3122 1161 3193 episcopi
1185 3124 1352 3179 incestuosos
1371 3121 1495 3177 bomiucs
1514 3120 1663 3175 emendent
1683 3126 1711 3171 et
1732 3132 1772 3196 ma·

987 3209 1066 3276 gnam
1086 3195 1252 3263 diligentiam
1269 3194 1386 3248 babeant
1403 3208 1437 3245 ex
1457 3190 1509 3245 bis.
1531 3190 1588 3245 Seu
1608 3197 1637 3243 ct
1652 3189 1685 3243 dc
1697 3187 1770 3265 viduis

986 3263 1056 3318 mira
1068 3279 1145 3319 suam
1159 3263 1328 3334 parrochiam
1341 3270 1503 3333 potestatem
1517 3261 1639 3315 babeant
1656 3260 1691 3314 ad
1704 3273 1771 3312 turu-

1004 3335 1115 3392 endum.

985 3350 1002 3404 Β
1021 3405 1083 3459 505.
1104 3403 1138 3459 Ut
1152 3422 1183 3459 ιι
1195 3415 1387 3466 consectentur,
1403 3418 1470 3473 qnae
1485 3402 1513 3455 in
1526 3399 1635 3471 placitis
1645 3411 1669 3454 et
1683 3396 1769 3470 spondit

987 3474 1114 3546 lippinus
1134 3493 1180 3530 rea
1194 3476 1336 3529 constitnit.
1357 3475 1395 3529 Ea
1409 3485 1483 3534 rcro,
1496 3486 1570 3540 quae
1583 3473 1673 3526 bonae
1687 3481 1769 3546 ιιιιιιι

987 3546 1043 3599 riae
1058 3547 1163 3614 genitor
1177 3555 1268 3601 noster
1281 3547 1308 3600 in
1326 3546 1383 3600 suis
1394 3542 1500 3612 placitis
1517 3550 1545 3598 ιι
1561 3543 1674 3612 synodis
1687 3545 1767 3595 constr

987 3617 1048 3676 tuit,
1064 3631 1225 3671 conservare
1237 3618 1247 3646 ⁸
1258 3616 1445 3684 praecipimus.

1021 3685 1082 3740 500.
1107 3686 1264 3756 decoqui
1285 3705 1300 3739 ι
1319 3702 1392 3739 seruo
1410 3683 1497 3737 alieno
1518 3680 1622 3753 aliquid
1646 3693 1762 3754 compute·

986 3757 1060 3810 vetit.
1081 3756 1109 3811 Si
1130 3757 1190 3826 quis
1214 3773 1229 3810 a
1248 3772 1326 3813 serso
1349 3756 1437 3810 alieno
1464 3753 1570 3822 aliquid
1596 3752 1761 3825 conpararent

986 3826 1124 3882 nesciente
1142 3828 1251 3882 domino
1270 3844 1329 3890 suo,
1347 3827 1370 3880 si
1389 3823 1515 3881 dominus
1541 3823 1651 3877 firmam
1669 3818 1760 3897 rtelueol

986 3912 1046 3954 csse
1059 3898 1239 3967 emptionem,
1253 3898 1347 3953 reddat
1358 3897 1475 3965 pretium
1488 3893 1624 3962 emptori,
1637 3900 1667 3946 ut
1684 3894 1759 3972 empto

986 3970 1053 4024 nibil
1066 3970 1164 4025 babeat
1182 3968 1327 4023 [inuitatis.
1353 3968 1383 4024 Si
1398 3967 1487 4036 ipsum
1503 3980 1560 4019 uon
1582 3965 1674 4022 babet.
1695 3957 1759 4015 smde

986 4040 1093 4095 reddat.

1021 4112 1083 4166 507.
1105 4108 1139 4164 Ut
1153 4107 1323 4164 ecclesiarum
1337 4108 1440 4178 nepotia
1462 4105 1584 4159 uindice
1601 4103 1757 4157 continuetu-

986 4181 1103 4235 diuntnr.
1125 4179 1239 4243 Placuit,
1254 4188 1283 4233 ut
1298 4178 1474 4234 ecclesiarum
1490 4175 1602 4244 negotia
1614 4167 1756 4314 wilh

986 4251 1113 4306 dilatione
1130 4251 1260 4306 continuo
1283 4250 1403 4304 aiudice
1416 4246 1564 4301 audiantur
1575 4254 1605 4300 et
1733 4252 1758 4289 ¹*

986 4331 1199 4376 cremententur.

1022 4392 1084 4447 508.
1118 4391 1152 4445 dt
1179 4392 1258 4445 iudex
1282 4391 1450 4444 criminosum
1475 4387 1624 4440 discuciens
1647 4399 1696 4436 nou
1717 4385 1758 4431 adt

155 4452 239 4534 1ίϊῖ.
260 4454 298 4508 De
309 4457 467 4525 predbllet'ss,
485 4459 638 4513 dt'ucotrt'btts
655 4468 678 4512 el
693 4458 840 4529 rellqlllsel
851 4456 930 4511 Clel'o.
947 4448 1138 4517 Daemeyqtiqm
1160 4462 1276 4533 profem}
1295 4458 1451 4541 capitalem,
1474 4473 1555 4528 quum
1579 4464 1626 4509 aut
1651 4469 1706 4506 mg
1721 4450 1758 4516 ipit

141 4521 259 4602 brittones
280 4527 363 4578 totrcti
378 4525 503 4596 Spleestti
517 4528 930 4600 etaliorum28lepitcopornut.
985 4533 1156 4601 confiteatur,
1181 4543 1226 4586 out
1249 4547 1294 4602 per
1322 4539 1471 4583 unmeentes
1496 4537 1575 4580 testes
1602 4524 1758 4578 contineatur.

141 4590 217 4645 Fecit
231 4593 280 4648 bos
291 4596 389 4664 gradus
408 4598 434 4650 in
447 4600 549 4666 gremio
562 4601 671 4668 synodi,
687 4609 716 4653 ιιι
734 4616 786 4653 nou
799 4599 933 4666 presbiter
986 4602 1099 4666 Placuit,
1120 4613 1149 4657 ut
1171 4603 1251 4657 iudex
1277 4601 1453 4657 criminosum
1474 4596 1626 4651 discutiens
1650 4608 1700 4647 non
1716 4599 1761 4670 ante

141 4662 271 4719 adversus
290 4666 454 4734 episcopum,
472 4685 525 4723 non
544 4670 673 4725 diaconus
688 4672 817 4724 ιιιΙιιιιιιι
830 4670 932 4738 presbi-
985 4675 1147 4728 sententiam
1163 4673 1282 4743 prolerat
1302 4670 1455 4740 capitalem,
1474 4683 1559 4736 quam
1581 4675 1628 4720 aut
1646 4678 1706 4718 rens
1721 4671 1761 4728 ipsc

141 4742 243 4815 terunt,
266 4752 319 4789 riou
344 4738 524 4793 subdiaconus
546 4739 676 4794 adsersus
697 4739 856 4803 diaconum,
878 4756 932 4795 nou
985 4744 1146 4798 conlitcatur
1163 4753 1268 4813 autper
1282 4743 1477 4796 innocenteset
1496 4753 1610 4793 veraces
1633 4744 1712 4790 testes
1722 4744 1764 4783 tna·

141 4803 256 4859 acolitus
274 4806 402 4862 adversus
422 4810 630 4875 subdiaconum,
653 4826 706 4864 non
729 4811 863 4865 exorcista
882 4812 931 4865 ad-
986 4815 1111 4869 nilestius
1131 4814 1316 4869 contincatur.
1341 4812 1373 4865 Et
1394 4811 1427 4865 dc
1449 4809 1601 4864 maioribus
1625 4814 1714 4861 nostra
1731 4805 1765 4852 aut

142 4890 236 4930 lmus
262 4876 397 4942 3001101111,
420 4895 469 4935 1101
494 4881 578 4935 lector·
606 4883 735 4936 ttltersus
756 4882 928 4946 exorcistam,
986 4900 1173 4939 successorum
1192 4893 1344 4939 nostrorum
1356 4889 1514 4949 expectetur
1527 4876 1676 4933 sententia.

142 4962 195 5000 non
219 4947 348 5002 ostiarius
369 4950 498 5006 adversus
517 4952 642 5007 lectorem
668 4954 713 5007 det
733 4953 933 5007 accusationem
1020 4957 1082 5009 500.
1104 4955 1137 5008 b't
1158 4958 1201 5025 qni
1222 4955 1286 5008 cocti
1308 4953 1425 5006 cristinia
1444 4960 1515 5007 antii,
1537 4967 1590 5003 nou
1608 4947 1766 5024 admittantur

141 5017 269 5086 aliquam.
290 5018 323 5072 Et
342 5035 396 5074 non
413 5021 603 5092 dampnabitur
621 5023 730 5090 praesul
750 5024 808 5078 sine
822 5037 931 5090 septua-
984 5033 1069 5079 testes.
1091 5027 1195 5081 Placuit
1216 5033 1245 5079 ut
1266 5032 1350 5078 testes
1370 5038 1425 5075 uon
1445 5021 1637 5080 admittantur,
1658 5031 1702 5084 qm
1717 5017 1767 5064 sunt

141 5089 214 5156 girata
230 5089 333 5144 duobus
347 5092 471 5156 testibus,
486 5094 690 5163 nequcpraesul
703 5110 825 5149 suunnus
839 5110 853 5146 a
868 5108 934 5162 quo
983 5097 1049 5165 sqcii
1074 5097 1206 5157 criminis,
1227 5110 1277 5149 ncc
1299 5093 1413 5148 infames
1431 5107 1481 5146 nee
1500 5090 1713 5145 etaltqnnqqores
1734 5077 1765 5130 ul

141 5174 222 5241 quarn
246 5160 414 5226 iudicabitur,
438 5164 565 5233 quoniam
591 5164 722 5234 scriptum
743 5173 803 5219 est:
819 5163 880 5217 b'on
894 5174 931 5217 est
983 5168 1094 5229 caeteri,
1107 5183 1176 5236 quos
1191 5182 1276 5221 canon
1289 5173 1316 5219 et
1328 5164 1369 5218 lex
1381 5163 1516 5232 probibet.

141 5230 284 5354 discqfubtr
300 5248 378 5302 super
395 5235 561 5304 mopictruut.
577 5234 713 5291 Presbiter
725 5244 814 5290 autem
832 5234 883 5288 nisi
905 5236 931 5289 in
1019 5238 1081 5290 510.
1097 5239 1135 5291 lte
1149 5238 1246 5307 nttptiis
1257 5235 1362 5289 incestis
1374 5233 1551 5304 probibendit.
1566 5228 1681 5299 Nuptias
1692 5219 1769 5306 probl-

141 5313 194 5369 qua
214 5302 317 5378 raginta
339 5312 454 5372 quatuor
470 5307 584 5362 testibus
600 5321 654 5362 non
665 5306 851 5362 damnabitur.
867 5305 931 5359 ttta-
984 5308 1080 5363 bernus
1104 5309 1231 5372 incestas,
1254 5306 1338 5360 idest
1355 5318 1440 5374 usque
1459 5304 1494 5359 ad
1521 5301 1664 5357 allinitatis
1685 5298 1771 5351 bacatu

751 5461 903 5519 tantast
905 5462 948 5517 Es
962 5461 1164 5517 Lecrtoa'ss

180 5623 355 5691 'possttllub
413 5623 633 5694 ’placitatalleb
696 5621 859 5678 'seruitium
872 5626 969 5691 agatur
982 5617 1040 5689 (rel.
1056 5616 1161 5687 desunt)
1181 5609 1241 5670 irat.
1305 5615 1433 5687 {teneret
1451 5611 1683 5680 etricpertotmtr
1707 5608 1773 5673 capel

143 5693 212 5747 coni.
234 5695 307 5763 impl.
329 5695 387 5750 dni.
427 5694 633 5766 'posscutBab
670 5683 776 5749 ἶιιιιιι.
790 5690 822 5748 G.
855 5693 870 5760 ,⁷
884 5708 907 5746 s.
928 5690 1023 5745 cilbd.
1062 5684 1319 5743 εἰιοιιιιιιιιίΒιι.
