3826 6112
191 224 241 284 ild
623 224 653 281 tt.
673 222 797 283 ciboti
817 222 852 280 bi.
873 221 947 280 Ol‘l‘.
968 222 1057 280 Pstis
1076 225 1095 280 l.
1116 225 1236 282 SECTIO
1256 221 1369 282 rutila
1763 231 1814 287 lib

187 356 286 400 nerium
302 338 479 413 capitulorum
497 344 639 415 genuinum
658 343 684 397 in
702 343 777 397 liliris
788 343 903 398 ictorum
914 357 974 395 usui
989 347 1011 404 Α
1026 342 1099 397 risus
1115 356 1199 407 emin,
1218 343 1277 397 loco
1293 357 1342 398 suo
1359 355 1388 396 ιι
1407 342 1479 405 ιιιι;
1499 342 1599 397 inedita
1616 341 1732 412 plurima
1743 362 1816 403 nunc

188 416 352 483 comparatis
367 429 442 483 aeque
458 431 489 470 ac
507 416 532 468 iii
551 414 631 468 editis
647 415 718 467 baud
730 427 791 468 raro
802 411 928 475 deletum,
941 413 975 465 ad
1025 413 1140 481 primum
1153 402 1260 480 reperta
1272 412 1370 465 addidi.
1384 355 1519 466 Benedicti
1534 412 1615 467 libros
1627 424 1684 470 tres
1695 430 1757 469 cuin
1770 418 1816 471 atl-

188 483 267 539 lldem
284 485 406 539 codicum
423 500 439 538 o
459 486 594 546 timorum,
607 491 687 551 proiit
703 498 746 537 res
757 482 891 552 postulare
903 482 976 535 ride-
1024 482 1170 536 ditionibus
1187 484 1252 544 siris,
1268 480 1374 550 publiea
1388 482 1548 537 auctoritate
1565 483 1593 536 in
1603 485 1748 538 Germania
1765 501 1816 541 no-

189 554 279 620 batur,
301 500 495 608 restituentssiin
518 553 620 608 censui.
651 552 750 607 Deinde
771 559 975 606 monumentum
1024 561 1080 607 stra
1103 567 1240 621 nunquam
1263 560 1399 619 receptos,
1423 566 1591 622 quorumque
1612 553 1719 608 nonnisi
1743 570 1816 610 unus

170 659 172 662 ψ
189 625 313 693 quodque
326 625 437 690 tempori
450 640 498 678 suo
509 624 601 679 locove
611 638 664 691 quo
675 623 776 677 editum
789 622 824 675 sit
835 621 976 690 adsignare
1025 622 1095 690 apud
1105 637 1155 676 nos
1166 622 1249 676 codex
1261 629 1358 685 exstet,
1373 636 1425 674 una
1436 637 1498 675 cum
1509 623 1704 678 constitutione
1715 625 1816 680 smeulo

189 707 204 746 ιι
224 708 346 761 gressus,
372 692 538 760 Scriptorum
560 701 729 756 nostrorum,
752 691 926 761 epistolarum
948 699 975 743 ιι
1026 706 1064 745 iiii
1083 689 1204 746 conlecta
1216 689 1302 744 Caroli
1316 689 1403 760 llagni
1420 692 1453 745 de
1463 692 1633 759 expeditione
1643 692 1776 760 Romana,
1789 704 1817 749 et

188 709 343 817 afiartamm
361 777 429 816 anie
440 762 623 826 collectarum,
636 771 663 816 et
675 761 848 830 diplomatum
870 760 976 815 aonii·
1027 759 1169 829 capitulari
1186 761 1276 842 spurio
1288 759 1464 826 Triburiensi,
1477 761 1510 815 ad
1526 760 1626 816 calcein
1643 763 1817 818 constitutio.

188 845 263 886 niem
284 847 377 887 nostro
397 834 510 901 regestis
530 832 586 888 suis
607 831 740 886 illatorum
760 829 975 898 siilisidiopluri-
1026 846 1090 884 num
1109 830 1287 901 imperialium
1303 829 1557 903 reliquaromttomo
1574 829 1611 885 Le
1630 847 1674 886 uin
1697 835 1818 889 seciuido

188 915 262 955 main
282 902 393 970 proieci.
410 902 495 971 Leges
512 901 680 972 populomm,
699 916 751 954 una
768 917 828 955 cuni
843 897 904 967 jure
915 899 974 970 pagi
1026 901 1259 971 pmponendarum
1276 899 1366 968 rejeci.
1379 899 1437 965 Quo
1454 899 1595 955 consilioe
1615 911 1705 957 ectum
1722 910 1774 969 est,
1786 912 1819 956 ιι

189 965 335 1026 llantensis
355 987 370 1024 a
388 972 496 1028 baluzio
515 987 564 1041 pro
586 971 727 1041 capitulari
749 970 829 1025 tertio
849 969 911 1026 anni
923 970 975 1024 sis
1027 985 1060 1026 ex
1072 970 1251 1025 monumentis
1261 970 1390 1051 legalibus
1400 969 1523 1039 genuinis
1533 970 1628 1027 ordine
1638 987 1687 1027 suo
1699 972 1817 1042 disposi-

189 1038 293 1104 liabito,
307 1051 380 1096 tomo
397 1042 442 1096 alii
460 1042 600 1110 sepositas,
614 1049 641 1095 et
658 1042 765 1096 cliartas
782 1055 877 1095 omnes
891 1040 936 1094 sed
949 1047 977 1093 ιι
1028 1041 1063 1095 ιιι
1074 1041 1143 1096 clara
1158 1038 1215 1108 jam
1232 1048 1259 1094 ιι
1275 1054 1378 1094 sincera
1394 1040 1433 1094 rei
1445 1039 1559 1108 publicu
1577 1041 1647 1109 apud
1657 1048 1819 1110 patres-no-

188 1110 315 1179 epistolas
327 1126 425 1179 paucas
446 1111 744 1180 aGotdastopraeeipne
765 1120 792 1166 et
803 1108 911 1164 Baluzio
922 1108 977 1164 eol-
1028 1120 1100 1166 stros
1122 1111 1210 1180 imago
1228 1111 1334 1173 redeat;
1355 1124 1436 1178 quain
1453 1116 1483 1163 ιι
1496 1108 1542 1162 silli
1559 1119 1724 1179 nepotesque
1737 1107 1818 1167 oculo

188 1179 349 1235 lectionibus
366 1183 421 1236 suis
438 1183 563 1246 insertas,
581 1189 674 1250 utpote
691 1181 717 1234 in
734 1196 831 1255 magna
850 1178 978 1253 diploma·
1029 1181 1118 1250 sagaci
1132 1180 1275 1245 intuentes,
1288 1180 1350 1234 inde
1367 1179 1400 1234 ad
1412 1179 1525 1259 patriam
1537 1189 1631 1234 contra
1643 1180 1820 1261 hostemelor-

189 1258 246 1303 ιιιι
258 1250 436 1319 imperialium
448 1251 653 1320 etepistolarum
662 1250 819 1306 collectione
831 1259 923 1305 nostra
936 1265 978 1304 re·
1029 1250 1095 1305 titer
1107 1249 1307 1314 defendendam,
1320 1259 1348 1303 et
1364 1265 1420 1304 rein
1435 1247 1567 1317 publicam
1580 1247 1732 1305 Germaniae
1745 1257 1821 1318 iuste

188 1317 323 1384 serendas,
336 1321 394 1376 loco
405 1321 492 1387 mori;
505 1321 661 1390 capitularia
672 1337 687 1374 a
698 1319 824 1375 Goldasto
835 1327 861 1373 et
870 1319 978 1376 baluzio
1031 1320 1218 1388 sapienterque
1235 1319 1473 1373 administrandam
1497 1318 1602 1372 animas
1616 1318 1667 1374 sibi
1684 1319 1821 1388 exempla·

189 1389 326 1444 lienedicti
347 1406 380 1444 ex
401 1391 476 1446 libris
497 1391 639 1460 decerpta,
662 1398 692 1443 ut
713 1391 804 1458 spuria
826 1390 979 1457 nulliusque
1031 1405 1084 1458 que
1101 1400 1218 1451 stimant,
1236 1405 1320 1443 riivoo
1338 1396 1365 1442 et
1381 1395 1488 1485 uestigio.
1505 1387 1610 1442 uanam
1635 1389 1819 1453 llaiinorere,

169 1460 359 1515 ‚aiictoritatis
373 1461 437 1515 milii
456 1461 583 1530 probatae,
603 1460 721 1520 resecui;
740 1469 860 1514 econtra
878 1460 978 1527 capitu·
1031 1475 1056 1512 a.
1071 1461 1108 1522 d.,
1121 1461 1137 1512 ι’
1149 1458 1210 1512 liliis
1223 1458 1306 1513 lidius
1318 1476 1361 1513 aii.
1379 1459 1455 1513 liba.

190 1525 257 1582 laria
271 1545 330 1599 qum
347 1531 374 1584 in
384 1530 507 1601 Ansegisi
523 1530 679 1586 collectione
696 1530 761 1584 milii
773 1528 980 1599 ileprcluindisse

631 1759 665 1813 in
684 1758 803 1815 uterini
821 1761 865 1815 ιι
883 1757 1009 1814 cincii
1027 1758 1134 1814 uacui
1154 1759 1347 1814 pirnoiiaia

710 1884 756 1957 D.
784 1880 1026 1972 BOUQUET
1052 1880 1312 1957 MONITUM.

895 2014 1128 2028 ψ

230 2078 332 2148 Pippini
346 2087 372 2132 ct
380 2073 560 2145 Carolillagni
570 2073 718 2145 biplomata
729 2074 828 2141 daturi,
836 2075 869 2130 ad
881 2091 943 2131 reru
954 2082 981 2131 et
996 2079 1020 2140 Β
1034 2073 1151 2146 patrium
1159 2087 1261 2127 morem
1272 2071 1388 2152 serravit
1402 2089 1407 2123 ε
1423 2071 1532 2143 Signum
1544 2071 1632 2130 Caroli
1642 2076 1825 2146 gloriosissimi

194 2151 309 2221 genuina
322 2164 336 2201 a
349 2147 422 2201 falsis
445 2154 472 2200 ιι
483 2144 649 2214 interpolatis
663 2146 836 2210 secernenda,
850 2146 980 2214 quasdam
1033 2146 1109 2214 regia.
1133 2142 1204 2197 ldcm
1225 2143 1352 2209 praestitit
1369 2140 1578 2199 Carolomannus
1595 2144 1652 2212 ejus
1671 2146 1765 2202 irater.
1788 2149 1825 2204 ιιι

193 2219 310 2290 regulus,
332 2232 436 2286 quasa
459 2215 610 2270 ilabillonio
632 2222 795 2281 mutuamur,
817 2216 981 2283 praemittere
1031 2222 1092 2284 post
1105 2219 1244 2281 accqitum
1264 2211 1407 2279 imperium
1432 2212 1543 2268 Carolus
1564 2215 1695 2280 adhibuit,
1711 2217 1825 2287 Signum

194 2287 408 2360 operaepretium
420 2285 552 2340 ducimus.
1032 2281 1121 2337 Caroli
1131 2281 1288 2336 serenissimi
1299 2281 1461 2350 imperatoris
1473 2298 1520 2336 seii
1532 2283 1651 2354 Augusti,
1665 2285 1826 2356 interposito

230 2362 250 2414 l.
264 2357 458 2428 inscriptionis.
466 2353 634 2423 -Pippinus
645 2363 763 2408 veterem
773 2353 981 2422 praecedentium
1032 2358 1263 2422 monogrammate
1275 2351 1345 2405 iotcr
1356 2366 1435 2406 voces
1446 2353 1549 2432 signum
1561 2362 1587 2407 et
1599 2352 1697 2408 Caroli.

193 2444 288 2500 reguiii
309 2425 510 2493 inscriptionem
532 2425 558 2479 tn
576 2424 633 2479 siiis
649 2422 839 2492 diplomatibus
858 2431 887 2476 ιι
899 2422 982 2492 pluri·
1067 2422 1112 2476 lv.
1129 2421 1338 2490 monogramma.
1354 2420 1482 2475 -Pauci
1510 2437 1542 2475 ex
1559 2422 1745 2494 lleroriiigicis
1764 2443 1824 2482 nio·

195 2515 268 2554 minii
291 2497 411 2560 retinuit,
437 2497 488 2549 lioc
511 2495 590 2548 modo
602 2508 609 2546 :
623 2493 750 2562 Pippinus
761 2507 806 2543 rea
818 2491 981 2545 Francorum
1032 2498 1216 2572 nogrammate
1230 2491 1271 2543 usi
1284 2498 1347 2544 siint
1360 2490 1387 2542 in
1397 2489 1597 2559 diplomatibus,
1608 2509 1657 2548 nec
1669 2496 1716 2550 alii
1741 2511 1824 2565 quani

195 2570 234 2624 uir
244 2567 354 2622 iiiluster
365 2583 374 2618 :
387 2567 546 2635 quandoque
561 2562 661 2617 addidit
672 2562 757 2631 gratio
769 2560 826 2627 liei,
840 2569 982 2631 propterea
1033 2576 1078 2629 qui
1090 2576 1145 2630 pne
1153 2560 1286 2630 imperitia
1296 2575 1394 2614 nomen
1405 2576 1482 2614 suuni
1494 2563 1612 2616 scribere
1623 2580 1675 2617 non
1686 2565 1824 2620 valebant.

215 2640 268 2692 uod
288 2635 501 2691 extraordinario
521 2632 600 2688 modo
622 2637 781 2701 pervenerat
803 2631 837 2684 ad
858 2646 979 2701 regnum.
1033 2631 1140 2686 Primus
1152 2637 1312 2699 perpetuum
1325 2631 1562 2699 monogrammatis
1576 2648 1654 2686 usum
1668 2649 1699 2687 ac
1720 2651 1824 2690 moreni

194 2654 318 2777 xprisco
329 2705 409 2760 etiam
424 2705 476 2758 ritu
489 2719 543 2759 non
555 2702 666 2756 recessit
678 2699 790 2755 Carolus
802 2699 922 2768 llagnus,
935 2702 982 2769 qui
1033 2701 1060 2753 iii
1081 2701 1153 2769 regia
1177 2697 1321 2768 diplomata
1339 2699 1444 2754 induxit
1466 2699 1578 2755 Carolus
1597 2701 1723 2771 Magnus,
1743 2721 1825 2774 quem

207 2778 282 2830 ratris
302 2775 453 2843 exemplum
476 2773 605 2836 imitatus,
628 2770 810 2825 additamento
831 2771 917 2840 gratia
934 2770 982 2824 tter
1033 2784 1135 2824 morem
1146 2768 1235 2823 ceteri
1245 2767 1277 2820 ad
1286 2766 1437 2839 Philippum
1448 2770 1559 2824 tertium
1569 2769 1734 2828 Francorum
1747 2791 1826 2846 reges

207 2854 386 2916 ereperpetuo
395 2859 459 2898 usus
467 2852 517 2898 cst.
527 2843 556 2896 ln
567 2839 825 2911 ejusliiploinatllius
833 2839 883 2893 tria
895 2840 983 2894 consi·
1033 2839 1176 2894 retinuere.
1185 2838 1383 2907 blonogramma
1392 2840 1428 2893 ita
1437 2840 1591 2895 concinnari
1599 2844 1703 2896 curarit
1712 2843 1826 2900 Carolus

196 2917 313 2972 deranda
329 2921 392 2969 sunt
404 2923 535 2983 tempora.
550 2911 669 2965 Primum
681 2911 715 2964 ali
727 2909 793 2963 inito
804 2925 886 2979 regno
897 2909 982 2963 Fran·
1033 2916 1063 2961 ιιι
1076 2909 1182 2977 signnm
1205 2910 1305 2973 crucis,
1327 2924 1380 2977 qiio
1397 2911 1549 2978 superiores
1564 2910 1730 2968 Francorum
1746 2931 1825 2986 reges

196 3001 289 3042 corum
310 2983 342 3038 ad
363 2999 474 3053 regnum
486 2979 726 3051 Langobardicum,
747 2979 782 3033 ab
802 2994 872 3032 anno
884 2978 934 3034 768
949 2980 983 3034 ad
1033 2978 1061 3031 in
1074 2978 1171 3031 litteris
1186 2978 1242 3031 suis
1256 2980 1298 3031 usi
1312 2977 1427 3043 lucrant,
1444 2988 1658 3049 representaret.

195 3070 295 3110 annum
308 3053 360 3106 'lii
377 3059 555 3107 excurrente:
568 3050 682 3105 alterum
700 3050 734 3103 ab
752 3051 845 3104 eodem
862 3063 932 3103 anno
949 3050 983 3103 ad
1069 3047 1101 3102 v.
1117 3046 1272 3100 Canreilarii
1287 3050 1437 3117 suscriptio.
1456 3049 1571 3103 —Post
1593 3049 1760 3106 Francorum
1779 3070 1824 3108 re-

195 3140 295 3180 annum
308 3123 370 3188 800,
392 3139 445 3193 quo
466 3129 609 3177 coronatus
629 3126 671 3174 est
691 3118 857 3187 imperator:
872 3119 982 3172 tertiani
1033 3132 1080 3186 ges
1094 3120 1197 3198 primns
1208 3131 1223 3170 e
1235 3119 1345 3186 regione
1358 3116 1556 3173 referendarius
1574 3135 1621 3174 seu
1633 3122 1823 3188 cancellarius,

196 3192 258 3249 inde
273 3194 307 3248 ad
319 3193 398 3247 linem
411 3194 483 3246 ritae.
496 3189 587 3247 Primo
605 3190 649 3244 illo
665 3198 786 3256 tempore
797 3189 867 3243 hanc
879 3186 981 3242 sormu—
1032 3186 1261 3254 archicapellanus
1285 3196 1331 3241 aut
1345 3188 1465 3243 notarius
1475 3189 1665 3258 diplomatibus
1675 3193 1826 3262 antiquitas

197 3264 251 3318 lain
262 3262 383 3318 adhibuit
397 3280 403 3314 :
417 3260 527 3317 Carolus
549 3262 633 3330 gratia
645 3258 693 3311 liei
709 3274 754 3311 rea
766 3256 930 3311 Francorum
945 3259 983 3311 nir
1033 3257 1185 3311 suscribere
1196 3255 1299 3311 solebat
1311 3257 1334 3311 si
1347 3258 1509 3312 membranae
1523 3260 1658 3327 capacitas
1669 3271 1823 3329 pateretur;

195 3333 322 3396 inliister,·
342 3323 982 3450 qualemetiamusurparitCarolomanniisagiis
1033 3326 1075 3379 sin
1089 3326 1177 3380 minus
1198 3325 1306 3394 paulum
1334 3326 1403 3380 inira
1428 3328 1499 3397 regis
1521 3330 1738 3397 suscriptionem.
1769 3333 1826 3387 lloc

196 3405 288 3457 irater.
303 3401 426 3456 Secundo
444 3400 582 3454 intervallo
593 3399 644 3452 liae
655 3397 769 3451 formula
781 3413 846 3451 usus
857 3404 917 3452 est:
952 3414 981 3450 a·
997 3417 1020 3481 c
1035 3395 1151 3447 maxime
1160 3404 1294 3449 serratum
1306 3404 1347 3451 est
1361 3398 1410 3452 sub
1425 3398 1541 3452 secunda
1552 3399 1644 3467 stirpe,
1660 3400 1737 3468 cujus
1761 3418 1825 3456 can-

197 3470 269 3524 rolus
281 3471 365 3552 gratia
377 3469 424 3522 Dei
436 3483 481 3521 rec
493 3466 657 3522 Francorum
677 3475 701 3518 et
712 3465 942 3535 langobardorum
953 3482 984 3518 ac
1035 3464 1136 3519 cellarii
1160 3463 1217 3518 lere
1234 3480 1339 3588 semper
1352 3467 1432 3535 paulo
1460 3466 1530 3521 infra
1552 3483 1641 3537 regem
1657 3472 1823 3526 suscribunt.

197 3541 320 3611 patritius
333 3539 521 3601 Romanarum,
543 3536 664 3590 addendo
683 3535 839 3602 saepissime,
859 3535 898 3587 ιιι
916 3533 985 3588 inlu·
1035 3533 1091 3588 Sub
1113 3533 1262 3604 Carolingis
1275 3549 1292 3603 p
1304 3550 1365 3591 ιιιιι
1378 3544 1455 3591 erant
1470 3537 1621 3592 cancellarii
1642 3554 1690 3594 seu
1713 3544 1823 3605 notarii,

197 3616 259 3661 ster.
272 3607 374 3671 Tertio,
386 3608 413 3659 in
427 3606 528 3659 nomine
540 3605 628 3659 Patris
638 3613 663 3657 et
677 3602 741 3657 Filii
754 3613 777 3657 et
790 3603 904 3673 Spiritus
916 3602 986 3658 Sun—
1034 3603 1130 3672 quibus
1141 3619 1210 3659 unus
1223 3613 1337 3672 praeerat
1348 3605 1436 3660 dictus
1454 3608 1575 3662 notarius
1587 3623 1718 3675 summus,
1735 3613 1825 3666 archi·

197 3678 242 3740 eii,
255 3675 365 3731 Carolus
383 3676 560 3729 serenissimus
572 3674 712 3743 Augustus,
733 3672 815 3726 aliea
835 3682 982 3736 coronatus,
1034 3672 1165 3736 notarius,
1180 3675 1390 3743 protonotarius,
1413 3690 1605 3746 nonnunquam
1626 3693 1748 3736 summus
1761 3697 1823 3736 can,

197 3761 308 3815 magnus
326 3756 349 3799 ιι
370 3745 494 3826 pacificus
513 3745 662 3814 imperator,
692 3741 871 3795 Romanorum
891 3743 985 3812 guber·
1035 3742 1175 3806 cellarius,
1187 3744 1448 3809 archicancellarius,
1472 3747 1615 3815 aliquando
1633 3750 1756 3806 absolute
1778 3768 1824 3804 na-

199 3831 265 3868 nans
286 3817 439 3885 iniperiitm,
470 3815 514 3884 qui
534 3822 558 3866 et
579 3828 625 3882 per
645 3811 851 3866 misericordiam
870 3812 918 3865 Dei
940 3828 986 3865 ιιι
1035 3812 1118 3865 tarius
1143 3820 1169 3867 et
1185 3813 1366 3879 cancellarius,
1383 3830 1574 3885 nonnunquam
1586 3820 1822 3889 archicapellanus.

197 3881 362 3937 Francorum
378 3882 654 3954 etlangobardorum,
674 3881 702 3935 in
717 3881 876 3949 quibusdam
895 3888 985 3935 tamen
1035 3879 1137 3935 Notarii
1153 3883 1175 3936 si
1191 3883 1297 3951 qnando
1310 3883 1369 3938 viee
1380 3885 1602 3942 cancellariorum
1617 3890 1822 3951 suscribebant,

197 3951 367 4008 liirocatione
386 3964 538 4022 suppressa,
551 3953 619 4006 luite
630 3950 778 4006 scribarum
789 3951 943 4005 oscitantia.
1034 3950 1085 4005 hac
1115 3949 1231 4006 lormula
1255 3953 1418 4008 utebantur:
1434 3954 1597 4010 Widolaicuc
1619 3957 1653 4010 ad
1677 3960 1757 4012 uicem
1770 3959 1825 4012 lla-

216 4023 266 4077 ·ll.
280 4021 481 4092 suscriptionem
493 4053 528 4062 -
539 4020 734 4089 Carolovingici
752 4035 827 4091 reges
845 4021 872 4075 iii
889 4021 985 4076 litteris
1034 4019 1120 4075 danis.

198 4092 255 4147 suis
266 4093 453 4161 suscriptionis
464 4100 491 4146 ιι
502 4090 592 4146 annuli
604 4089 772 4173 mentionem}
778 4091 929 4160 exprimere
941 4107 985 4145 so·
1071 4089 1114 4145 Vl.
1125 4117 1161 4132 -
1175 4091 1398 4150 cancellariorum
1412 4104 1436 4147 et
1458 4096 1619 4150 notariorum
1629 4098 1746 4151 nomina.
1761 4098 1825 4165 lijiis

198 4158 263 4227 lent,
275 4171 453 4230 praeterquam
475 4164 502 4216 in
519 4161 624 4230 placitis
636 4170 663 4216 ιι
676 4162 788 4215 minoris
798 4162 928 4216 momenti
946 4161 986 4215 di·
1036 4175 1116 4230 quem
1126 4161 1173 4215 alii
1186 4160 1280 4231 ligium
1295 4178 1342 4218 ιιι
1354 4164 1448 4233 Eguim
1463 4173 1567 4229 vocant,
1583 4167 1629 4236 qui
1643 4166 1747 4236 Pippini
1770 4169 1824 4222 lle-

197 4232 370 4301 plomatibus,
383 4247 443 4286 cuin
462 4248 538 4302 reges
554 4231 654 4300 passim
668 4246 722 4286 non
734 4232 925 4295 suscriberent,
939 4231 986 4285 sed
1035 4231 1077 4299 gis
1090 4231 1238 4299 biplomata
1246 4231 1338 4300 jussus
1349 4248 1540 4304 recognoscere
1548 4236 1625 4301 solet,
1640 4252 1692 4290 non
1703 4253 1825 4293 summus

198 4301 271 4355 solus
289 4301 465 4357 cancellarius
476 4310 522 4355 aut
534 4302 663 4363 notarius,
676 4301 776 4355 nullam
792 4301 871 4382 regiae
886 4301 986 4357 suscri-
1037 4300 1224 4362 cancellarius,
1240 4301 1286 4356 sed
1298 4304 1419 4357 notarius
1436 4303 1564 4358 dicendus
1577 4314 1628 4367 est,
1643 4308 1683 4360 titi
1698 4315 1725 4360 et
1739 4307 1825 4361 Cliro-

199 4371 309 4439 ptionis,
321 4379 347 4425 ct
355 4372 520 4492 ¹plerumque
534 4371 601 4439 regii
613 4371 705 4425 annuli
721 4380 767 4425 aut
783 4370 862 4439 sigilli
874 4371 986 4425 mentio-
1036 4370 1133 4440 dingus
1144 4381 1170 4425 ιι
1184 4370 1347 4426 Widinarus.
1370 4373 1508 4427 llitberius
1532 4388 1595 4429 vero
1619 4373 1722 4445 Pippini
1737 4379 1823 4432 archi·

200 4454 260 4492 neni
275 4448 338 4494 tunc
365 4442 499 4496 aciebaut.
521 4441 549 4494 ln
566 4441 626 4494 aliis
642 4441 752 4509 majoris
762 4440 890 4494 momenti
902 4438 987 4508 diplo-
1036 4440 1211 4495 cancellarius
1224 4440 1283 4505 luit,
1299 4450 1328 4495 ιι
1338 4443 1383 4512 qui
1396 4444 1710 4514 auctoritatcsuarcgias
1721 4446 1826 4502 litteras

201 4509 318 4563 motibus
335 4518 478 4580 utrumque
490 4509 639 4578 exprimere
655 4525 714 4564 mos
725 4517 792 4574 erat,
806 4509 833 4562 in
845 4509 915 4564 liiinc
932 4509 987 4563 lere
1037 4510 1205 4579 recognoscit
1218 4525 1250 4565 ac
1261 4513 1397 4567 suscribit.
1410 4512 1578 4569 Mantllonins
1592 4516 1756 4569 mentionem
1771 4534 1824 4571 non

199 4577 308 4632 modum
321 4595 327 4631 ε
341 4578 424 4632 Marcu
437 4589 525 4634 nostra
540 4594 586 4633 seu
602 4580 708 4648 propria
728 4578 985 4647 subterfirmavimus,
1037 4577 1102 4634 lacit
1118 4579 1266 4644 Badilonis,
1282 4582 1328 4650 qui
1343 4590 1431 4636 tamen
1446 4585 1599 4638 cancellarii
1615 4599 1712 4638 munus
1723 4587 1825 4640 obiisse

201 4653 248 4700 aut
268 4647 355 4701 auiiter
374 4665 432 4701 eam
452 4649 610 4702 deereoiriius
632 4647 770 4717 adsignare
790 4648 832 4701 rel
853 4648 987 4718 adsignari
1036 4647 1142 4703 ridetur
1155 4658 1218 4703 ante
1230 4648 1373 4715 iliterium,
1387 4652 1432 4719 qui
1455 4652 1511 4720 ejus
1535 4655 1657 4707 notarius
1673 4662 1742 4708 crat.
1756 4655 1825 4709 Nam

200 4715 334 4770 iussimus.
348 4715 477 4771 llbserrat
490 4717 658 4772 liabillonius
674 4718 791 4772 emultis
808 4732 893 4786 pauca
904 4733 933 4773 se
945 4718 986 4773 in·
1038 4718 1065 4772 in
1080 4720 1243 4789 autographo
1266 4721 1414 4790 biplomatc
1437 4738 1486 4791 pro
1510 4724 1673 4777 monasterio
1698 4723 1825 4779 Fnldensi

200 4785 306 4840 uenisse
325 4787 396 4855 regia
409 4787 562 4856 diplomata,
584 4787 718 4856 inquibus
730 4803 816 4857 neque
833 4789 987 4857 suscriptio
1000 4769 1024 4835 l)
1036 4787 1174 4844 llitlierius
1187 4791 1378 4914 subscripsisse
1390 4791 1489 4846 dicitur
1511 4793 1545 4847 ad
1559 4793 1643 4848 ricem
1659 4792 1800 4849 badilonis
1817 4812 1824 4849 :

199 4855 243 4911 iiis
254 4871 340 4924 neque
350 4857 442 4911 annuli
454 4858 575 4926 apposita
587 4859 622 4911 sit
636 4859 746 4921 inentia,
761 4858 805 4912 ubi
827 4865 918 4912 tamen
939 4874 985 4912 rex
1037 4857 1065 4912 iii
1075 4858 1234 4927 quibusdam
1256 4860 1291 4914 ali
1304 4876 1316 4915 s
1337 4860 1437 4916 dicitur
1454 4862 1591 4917 llitberiiis
1605 4863 1757 4932 scripsisse,
1779 4864 1824 4918 Ba

199 4926 354 4989 subscribit,
368 4941 417 4980 nec
437 4925 553 4995 sigillum
576 4926 633 4994 ejus
654 4929 806 4996 appositum
829 4935 880 4982 est.
902 4928 931 4982 lii
944 4928 987 4982 liis
1038 4927 1092 4983 dila
1104 4943 1168 4982 vcro
1180 4931 1367 4999 recognovisse
1382 4946 1414 4985 ac
1433 4933 1518 4987 suscri
1539 4933 1614 4985 sisse.

199 4996 324 5051 omnibus
343 4997 481 5051 rarissima
500 5004 541 5050 est
559 4995 639 5066 sigilli
657 4997 757 5051 mentio
775 4998 803 5050 iii
815 4997 987 5076 exprimenda
1073 4997 1229 5052 Cancellarii
1251 4999 1366 5054 alliciunt
1381 5003 1501 5057 exercuit
1521 4948 1659 5056 Ylitherius
1671 5002 1705 5056 ali
1716 5002 1825 5057 ineunte

200 5065 319 5120 clausula
340 5066 519 5136 sigillationis,
532 5066 638 5121 tametsi
657 5067 683 5119 in
695 5074 822 5122 contextu
836 5067 988 5135 diplomatis
1039 5065 1128 5123 Caroli
1160 5067 1247 5137 llagni
1280 5069 1441 5138 principatu.
1476 5069 1579 5125 Notarii
1621 5073 1671 5125 sub
1701 5071 1825 5127 Hitberio

199 5135 342 5204 aliquando
362 5138 489 5191 occurrit.
1040 5135 1114 5192 luere
1128 5137 1212 5200 liudo,
1226 5138 1392 5210 wigbaldus,
1406 5140 1543 5196 Cilbcrtus
1555 5149 1582 5195 ιι
1594 5138 1716 5208 Optatus.
1731 5141 1824 5196 llitlie

147 5225 154 5239 ·
234 5205 277 5260 lll.
291 5204 458 5261 Suscrilieniii
469 5204 904 5280 marius-RegesCaroloringiei,
918 5207 988 5260 utin
1020 5232 1024 5242 ·
1040 5206 1080 5260 rio
1092 5209 1220 5262 successit
1232 5210 1306 5263 llailo
1323 5210 1405 5264 abbas
1430 5211 1589 5265 l'edastinus
1600 5251 1607 5273 ,
1620 5210 1666 5278 qui
1685 5211 1826 5267 nonatrius

201 5276 307 5330 caeteris
317 5276 427 5344 passim,
440 5276 479 5332 sic
490 5283 517 5331 ιι
538 5277 566 5330 iii
584 5276 662 5331 modo
683 5275 848 5332 suscriliendi
870 5275 985 5330 allero-
1039 5275 1141 5341 habuit,
1154 5277 1333 5346 Wigbaldum
1355 5279 1513 5344 Cilbcrtum,
1535 5277 1671 5360 Optatum,
1683 5279 1824 5340 iacobum.

200 5345 315 5415 ringicis
338 5346 487 5401 'descivere
507 5345 611 5415 Pippini
635 5347 693 5400 liaec
711 5354 769 5400 erat
786 5344 920 5400 formula:
941 5345 986 5400 Si·
1039 5344 1479 5406 ErkcnibaldninetWidolaicum.
1493 5351 1600 5404 Tertius
1622 5349 1712 5405 Caroli
1736 5349 1824 5420 llagni
1858 5409 1860 5415 ,

200 5429 280 5484 gnum
292 5410 347 5488 -X
362 5414 465 5538 Pigpini
471 5415 649 5486 gloriosissimi
659 5417 735 5486 regis,
743 5416 901 5484 interposito
910 5414 986 5485 signo
1039 5416 1216 5494 cancellarius
1238 5415 1289 5470 ιιιιι
1310 5418 1501 5474 Erliembaldiis
1522 5420 1556 5475 ab
1576 5435 1647 5474 anno
1669 5420 1826 5474 cimiterii)

201 5484 290 5537 crucis
310 5483 380 5538 inter
403 5485 499 5556 'ignum
512 5484 655 5555 etPippini
666 5501 773 5541 nomen.
796 5485 987 5540 Solnmcrucis
1039 5485 1113 5554 regni
1136 5498 1219 5551 etiis;
1240 5489 1361 5543 notarius
1377 5488 1558 5551 Erliembaldi,
1581 5488 1721 5553 Genesins,
1741 5506 1822 5558 quan·

201 5552 307 5605 ιιιιιιιιι
324 5568 403 5607 manu
415 5555 541 5624 principis
557 5570 715 5623 expressum
729 5564 797 5619 erat,
809 5563 906 5610 cetera
922 5570 987 5608 can-
1039 5569 1118 5622 quani
1131 5555 1205 5610 llado
1216 5557 1302 5626 adbuc
1312 5559 1489 5615 cancellarius
1509 5565 1618 5614 notatur
1634 5558 1660 5612 in
1679 5559 1822 5629 diplomate

202 5592 326 5676 afflamine
342 5637 389 5677 seu
405 5625 526 5680 notarius
546 5625 724 5681 adscribebat.
746 5624 857 5681 Carolus
875 5624 986 5694 lingniis
1039 5624 1248 5696 Osnabrugensi,
1262 5627 1333 5696 quod
1354 5645 1425 5685 anno
1455 5629 1561 5700 imperii
1588 5629 1706 5685 Caroliiii
1740 5631 1823 5686 tertio
