3826 6112
171 303 286 362 CODEX
305 299 565 359 bretonertctts.
576 271 784 358 ss-tttnottct
802 298 811 354 Ι
832 297 877 354 ΕΤ
895 295 1058 354 tondatur
1075 293 1403 354 mmmmm-Aa.
1420 293 1482 351 828·
1593 290 1646 349 598

115 424 130 473 t
144 418 180 474 ab
197 431 251 471 uno
264 415 372 480 herede,
386 414 485 470 iterum
502 411 602 468 caeteri
615 412 728 468 lteredcs
741 426 803 466 eum
817 414 840 473 Α
855 411 906 468 bus
917 409 985 481 locis
997 415 1102 463 mutum
1119 407 1255 477 accipiunt
1268 406 1301 461 dc
1314 404 1436 460 coniectu
1445 402 1539 474 populi
1549 402 1584 459 ad
1597 403 1648 459 mi-

115 509 185 567 liaro
198 518 227 566 et
237 507 380 578 adquirere
391 513 534 562 conantur.
855 516 948 556 norant
958 499 1131 572 legationem,
1143 505 1273 568 quantum
1287 496 1321 552 ad
1334 495 1477 551 maiorem.

115 601 295 661 ammianus
311 607 340 655 et
356 598 465 655 vicariis
481 612 585 663 eorum,
600 595 647 667 qui
665 595 691 650 in
708 593 805 665 aliqui-

308 823 474 882 epistota
492 824 587 892 Quae
604 819 848 882 oedntttlttntt
866 817 1002 877 POPULO
1020 818 1075 874 DE!
1093 817 1159 875 EST
1177 816 1349 874 Leonnati.

115 1008 130 1053 ¹:
176 1003 286 1062 nomine
336 1002 443 1062 Domini
489 1003 538 1060 Dei
590 1012 618 1061 et
663 1001 807 1060 salvatoris
892 1003 921 1057 ln
959 1002 968 1033 ¹
1024 999 1133 1056 nomine
1186 994 1289 1054 domini
1341 993 1389 1052 llel
1425 1002 1453 1050 et
1505 995 1649 1056 salvatoris

147 1094 208 1153 lesu
253 1095 364 1152 Christi.
412 1094 586 1151 dludovicus
634 1103 661 1152 et
696 1095 806 1151 tltottu·
856 1094 943 1150 nostri
982 1091 1043 1148 lesu
1083 1088 1184 1147 Christi
1248 1088 1421 1145 illudon‘icus
1466 1096 1493 1145 et
1538 1089 1649 1148 illotha-

117 1186 208 1245 datus
252 1186 395 1241 ordinante
440 1184 608 1257 providentia
662 1183 806 1255 imperato-
856 1188 914 1244 rius
961 1185 1051 1242 divina
1095 1183 1245 1241 ordinante
1288 1181 1457 1252 providentia
1504 1182 1649 1254 imperato-

115 1276 221 1351 tvgusti,
270 1276 396 1333 omuibus
441 1275 567 1332 lldeltbus
612 1285 721 1334 sanctae
757 1275 806 1332 Dci
856 1295 901 1336 res
943 1277 1065 1351 augusti,
1110 1275 1236 1333 omuibus
1282 1274 1404 1330 lldclibus
1449 1284 1559 1330 sanctae
1600 1277 1648 1332 liei

115 1376 144 1429 ve
188 1378 217 1427 et
264 1369 374 1426 nostris.
430 1368 578 1426 Recordari
625 1384 673 1426 vos
719 1368 806 1425 credi·
857 1371 988 1427 ecclesiae
1035 1375 1063 1424 et
1110 1365 1220 1423 nostris.
1268 1366 1415 1422 lleoordari
1464 1382 1513 1423 vos
1561 1368 1649 1424 credi·

134 1462 251 1534 qualiter
288 1462 342 1517 boe
369 1476 458 1526 anno,
495 1461 608 1517 consilio
634 1461 804 1516 sacerdotum
857 1478 932 1528 mus,
971 1460 1086 1533 qualiter
1122 1459 1174 1517 boc
1209 1474 1297 1525 anno,
1333 1459 1447 1515 consilio
1476 1460 1646 1515 sacerdotum

115 1568 193 1614 omn
234 1553 352 1610 fidelium
392 1563 564 1620 nostrorum,
601 1553 726 1625 generale
766 1551 806 1607 le·
856 1565 882 1612 et
919 1557 1035 1612 aliorum
1076 1553 1196 1610 ddelium
1238 1559 1407 1618 nostrorum,
1449 1552 1574 1624 generale
1611 1554 1649 1608 ie-

168 1661 218 1720 per
264 1655 350 1703 toturn
399 1658 511 1718 regnum
561 1653 683 1701 nostrum
734 1642 805 1701 eele-
857 1649 960 1705 iunium
1009 1661 1060 1719 per
1106 1654 1194 1702 totum
1247 1659 1360 1716 regnum
1409 1655 1532 1700 nostrum
1579 1647 1649 1701 ccle-

127 1736 277 1804 lnssimus,
313 1736 453 1807 Deumque
489 1743 545 1792 tota
580 1733 722 1791 devotione
758 1733 804 1791 de-
856 1740 937 1795 brare
971 1736 1114 1802 iussimus,
1151 1734 1289 1804 licumque
1332 1741 1389 1790 tota
1426 1734 1567 1790 devotione
1603 1736 1650 1789 de-

115 1840 140 1896 t,
170 1836 202 1890 ot
233 1828 311 1885 nobis
336 1825 494 1899 propitiari,
526 1834 554 1881 et
585 1825 613 1881 iu
643 1826 742 1896 qulbus
771 1823 804 1880 il·
818 1834 841 1898 p
854 1842 979 1901 poscere,
1002 1834 1034 1884 ut
1057 1823 1136 1882 nobis
1157 1825 1298 1896 propitiari
1321 1833 1349 1882 ot
1383 1823 1439 1880 ⁸in
1459 1827 1555 1895 qttibus
1574 1826 1648 1881 illurn

115 1919 227 1977 mmme
267 1917 458 1976 offenderimus
497 1918 574 1975 nobis
615 1916 802 1982 marrilestare,
855 1917 974 1974 maxime
1025 1915 1158 1975 ollensum
1212 1916 1378 1972 haberemus
1430 1915 1509 1972 nobis
1562 1916 1649 1971 mani-

118 2010 132 2043 ·
165 2008 201 2064 ad
237 2008 432 2066 correctionem
467 2015 587 2065 nostram
623 2005 805 2063 necessariam
855 2009 974 2078 testare,
996 2017 1038 2083 ‚el
1073 2017 1103 2066 ut
1140 2008 1174 2064 ad
1211 2009 1407 2066 correctionem
1443 2015 1564 2063 nostram
1601 2023 1649 2064 nc-

115 2098 186 2155 illam
230 2105 338 2170 tempus
386 2098 464 2154 nobis
515 2098 636 2155 tribucre
679 2098 804 2169 dignare-
856 2098 1004 2156 oessarlanr
1046 2096 1225 2169 tranquillum
1266 2106 1373 2168 tempus
1413 2097 1493 2154 nobis
1529 2098 1649 2154 tribuere

115 2186 293 2248 imratnus
337 2190 468 2259 siquidem
515 2197 635 2259 ternpore
684 2203 804 2263 congruo
855 2192 1022 2264 dignaretur.
1095 2190 1274 2246 Volueramus
1336 2187 1469 2260 siquidem
1527 2195 1649 2260 tempore

115 2296 139 2339 n
173 2289 295 2337 nostrum
332 2280 456 2353 generale
493 2281 606 2345 babere,
643 2289 671 2337 et
706 2281 734 2336 in
770 2292 804 2337 eo
854 2298 975 2354 congruo
1019 2282 1149 2353 placitum
1194 2288 1317 2338 nostrum
1363 2280 1490 2353 gencrale
1532 2280 1646 2346 habere,

115 2376 215 2431 mani
261 2374 429 2430 correctione
476 2390 575 2445 agere;
614 2381 641 2429 ct
676 2374 713 2428 ita
748 2370 804 2429 Deo
854 2383 881 2432 et
920 2376 948 2431 in
979 2376 1075 2433 eodem
1111 2374 1146 2430 de
1177 2373 1312 2430 commati
1349 2370 1519 2429 correctione
1551 2386 1647 2444 agere;

115 2472 158 2522 ale
196 2465 288 2532 lieret,
326 2464 378 2522 nisi
424 2464 569 2522 commotio
617 2463 804 2531 inimicorum,
854 2474 882 2525 et
917 2468 955 2524 ita
991 2464 1048 2524 ileo
1091 2464 1237 2523 miseraute
1279 2464 1372 2532 steret,
1414 2465 1470 2521 nisi
1504 2467 1651 2522 commotio

115 2556 207 2643 rupis,
236 2557 427 2627 praepedisset.
471 2556 525 2613 Sed
555 2555 619 2625 quia
646 2561 711 2612 tunc
745 2554 805 2611 lieri
854 2555 1043 2622 inimicorum,
1089 2556 1158 2612 siem
1204 2554 1306 2621 nostis,
1352 2555 1546 2625 praepedisset.
1596 2553 1650 2610 Sed

115 2647 189 2707 stult
223 2647 296 2703 iuxta
332 2648 498 2704 voluntatem
534 2655 672 2711 nostrum,
714 2645 804 2701 usum
854 2648 917 2719 quia
958 2655 1024 2705 tune
1059 2644 1118 2704 ileri
1159 2662 1213 2703 uon
1249 2646 1337 2716 potuit
1369 2644 1445 2700 iuxta
1484 2644 1652 2700 voluntatem

128 2730 180 2797 nit
218 2755 347 2812 praeseus
387 2741 516 2811 placitum
562 2755 625 2795 cum
670 2738 805 2808 aliquibus
854 2748 990 2806 nostram,
1027 2739 1115 2795 visum
1157 2737 1236 2794 nobis
1271 2737 1321 2792 luit
1355 2752 1485 2808 praeseus
1519 2736 1649 2807 placitum

115 2826 197 2887 ellbus
228 2829 329 2886 nostris
356 2830 473 2896 habere,
517 2836 544 2884 et
573 2828 601 2884 ln
636 2842 671 2884 co
699 2829 733 2884 de
761 2827 805 2885 bis
854 2846 917 2885 cum
962 2829 1096 2901 aliquibus
1142 2844 1177 2885 err
1214 2827 1339 2883 fidelibus
1385 2828 1485 2883 nostris
1533 2829 1651 2894 babere,

123 2928 238 2993 propter
280 2920 449 2996 praedictum
494 2918 716 2990 impedimentum
762 2933 805 2975 re·
855 2926 883 2974 et
920 2917 947 2973 in
989 2932 1024 2975 eo
1063 2916 1097 2973 de
1137 2915 1181 2971 bis
1221 2931 1290 2986 quae
1330 2922 1441 2985 propter
1481 2917 1649 2985 praedictum

115 3018 182 3079 rint,
224 3012 339 3082 qualiter
379 3010 414 3067 nd
454 3010 580 3066 allectum
615 3007 804 3080 pervenirent,
855 3008 1077 3082 impedimentum
1107 3015 1310 3073 remanserunt,
1358 3007 1475 3079 qualiter
1517 3010 1552 3065 ad
1611 3009 1651 3065 el·

115 3120 126 3163 t
188 3106 333 3163 adiuvante
396 3102 580 3160 considerare.
635 3100 805 3172 Quapropter
855 3098 954 3156 lectum
1001 3100 1191 3172 pervenirent,
1234 3099 1349 3155 Domino
1394 3099 1539 3154 adiuvante
1585 3115 1652 3156 eou-

136 3196 261 3254 volumus
305 3196 443 3252 solertiam
488 3205 622 3259 vestram,
668 3195 741 3263 quod
776 3190 841 3256 inc
857 3191 989 3251 siderare.
1045 3194 1213 3266 Quapropter
1266 3208 1347 3250 nosse
1395 3194 1519 3251 volumus
1564 3193 1650 3250 solor-

115 3289 240 3345 traesenti
281 3289 381 3359 placito
421 3304 482 3343 curn
525 3286 650 3342 fidelibus
704 3285 805 3340 nostris
858 3285 924 3340 tiam
959 3294 1087 3353 vestram,
1124 3288 1196 3358 quod
1232 3287 1259 3343 in
1291 3287 1344 3343 isto
1378 3289 1515 3358 praesenti
1550 3289 1650 3359 placito

115 3378 264 3446 summus,
314 3387 344 3433 ut
393 3378 481 3448 primo
526 3376 649 3433 omniurn
699 3373 806 3430 archie·
858 3394 919 3433 curn
957 3378 1081 3435 ildelibus
1116 3379 1218 3435 trostris
1254 3379 1498 3445 consideravimus,
1534 3388 1565 3435 ut
1594 3380 1650 3450 pri-

156 3486 218 3527 cum
260 3471 316 3526 suis
352 3469 532 3541 suffraganeis
573 3468 601 3524 iu
637 3469 705 3526 locis
743 3482 809 3524 con·
858 3486 903 3527 nro
945 3470 1066 3527 omniurn
1110 3471 1305 3543 archiepiscopi
1346 3488 1408 3528 cum
1450 3472 1507 3528 suis
1553 3471 1652 3529 audra-

132 3564 252 3632 tempore
288 3569 444 3632 opportuno
481 3560 671 3627 convenirent,
707 3567 735 3616 et
770 3549 808 3615 tbi
858 3560 950 3631 ganeis
991 3560 1018 3616 in
1060 3560 1127 3617 loeis
1168 3562 1297 3635 congruis
1338 3570 1458 3633 tempore
1498 3571 1654 3634 opportuno

115 3650 138 3709 le
169 3667 217 3708 sua
252 3669 333 3725 quarn
370 3653 404 3709 de
438 3653 559 3710 omnium
594 3659 717 3709 nostrum
747 3667 809 3708 oor·
858 3649 1049 3717 convenirent,
1091 3660 1119 3708 et
1159 3652 1197 3709 ibi
1238 3661 1294 3708 tana
1335 3655 1369 3710 dc
1410 3669 1460 3710 sua
1500 3670 1582 3726 quam
1617 3657 1654 3713 de

115 3758 133 3801 e
183 3753 211 3802 et
257 3745 444 3800 emendatione
493 3743 640 3801 secundnm
687 3739 807 3800 divinem
857 3749 978 3807 omniunt
1018 3755 1141 3805 nostrum
1183 3747 1351 3805 correctione
1392 3757 1420 3804 ct
1461 3749 1654 3807 emendatione

115 3834 201 3891 'uum
249 3833 404 3906 quaerendo
450 3834 618 3900 iru'cnirent,
660 3840 688 3888 ct
728 3830 807 3889 uobis
857 3836 1005 3893 secundum
1067 3835 1185 3890 divinam
1249 3835 1438 3891 auctoritatem
1496 3836 1652 3906 quaerendo

133 3922 257 3983 {delibus
297 3926 397 3982 uostris
438 3925 585 3981 secundum
625 3922 806 3981 ministerium
858 3922 1035 3991 invenirent,
1070 3932 1098 3979 et
1140 3924 1218 3980 nobis
1258 3931 1338 3994 atquo
1383 3924 1508 3980 lidolibus
1548 3925 1652 3981 nostris

116 4018 291 4076 commissum
346 4017 545 4074 adnuntiarent.
614 4014 681 4083 Quis
734 4014 807 4072 enim
857 4015 1004 4071 secundam
1052 4012 1232 4071 ministerium
1281 4008 1333 4070 sibl
1379 4014 1556 4070 commissum
1602 4015 1651 4071 ad-

115 4106 211 4163 tendat
251 4106 336 4162 Deum
382 4107 483 4162 nostris
526 4104 694 4175 pravissimis
740 4103 808 4160 acti·
856 4107 1022 4162 nuntiarent.
1066 4105 1132 4161 item
1180 4102 1427 4169 consideravimus,
1473 4112 1504 4160 ut
1551 4105 1653 4161 missos

115 4192 162 4253 'rec
196 4195 328 4253 ollensum
366 4204 394 4252 et
430 4196 463 4251 ad
496 4193 667 4252 iracundiam
708 4208 807 4265 provo-
857 4199 964 4250 nostros
1026 4208 1075 4265 per
1137 4195 1291 4250 universum
1359 4209 1473 4265 regnum
1526 4204 1648 4251 nostrum

115 4275 119 4353 ζ
157 4303 219 4347 curu
255 4287 345 4343 videat
382 4295 421 4344 tot
457 4287 534 4342 annis
570 4284 725 4341 multifariis
759 4284 807 4340 lla·
856 4287 1041 4354 mitteremus,
1079 4286 1125 4358 qui
1160 4286 1194 4343 de
1222 4284 1349 4345 omnibus
1384 4286 1473 4343 causis
1509 4302 1579 4359 quae
1614 4283 1651 4345 ad

119 4372 189 4435 iram
219 4379 289 4435 illius
318 4379 347 4434 in
376 4394 459 4450 regno
491 4378 569 4435 nobis
599 4378 633 4433 ab
665 4393 697 4433 co
733 4392 807 4434 com-
856 4380 1054 4438 correctionem
1116 4381 1254 4451 pertinere
1318 4376 1494 4448 viderentur,
1546 4391 1654 4451 quanto

132 4470 288 4538 desaevire,
323 4472 447 4528 videlicet
486 4471 515 4526 in
551 4469 622 4526 lame
658 4470 804 4535 continua,
854 4474 1005 4546 potuissent
1058 4470 1147 4530 studio
1200 4473 1384 4538 decertarent,
1439 4480 1467 4527 et
1520 4472 1651 4545 quicquid

115 4560 246 4619 millaio
286 4563 457 4625 animalium,
501 4561 529 4616 in
568 4559 721 4630 pestilentia
754 4560 804 4615 110-
820 4541 985 4636 ⁰posstbtte
1032 4562 1204 4628 invenirent,
1250 4562 1457 4634 praesentaliter
1493 4575 1507 4604 ⁸
1556 4572 1649 4619 nostra

115 4653 198 4722 1„in
235 4655 377 4710 sterilitate
412 4670 480 4726 peue
521 4655 642 4711 omniunt
678 4652 802 4725 frugum,
857 4655 1019 4712 auctoritate
1054 4650 1238 4726 corrigerent3
1276 4662 1304 4710 et
1340 4653 1362 4709 si
1399 4654 1489 4726 aliqua
1536 4654 1650 4713 difficul-

115 4751 128 4799 t
168 4745 206 4800 lta
247 4747 375 4812 dixerim,
417 4744 607 4801 diversissimis
648 4744 804 4800 morborum
858 4755 900 4800 tas
926 4745 954 4801 iu
983 4744 1103 4816 qualibet
1133 4760 1163 4801 re
1193 4744 1233 4800 cis
1265 4742 1427 4810 obsisteret,
1462 4746 1495 4801 ad
1527 4753 1648 4806 nostram

115 4850 137 4893 ta
182 4846 264 4908 atque
314 4838 467 4910 ingentibus
512 4835 631 4907 penuriis
676 4836 803 4907 populum
858 4838 982 4893 notitiam
1035 4836 1140 4894 deterre
1194 4846 1330 4895 curarent.
1386 4836 1558 4911 erapropter
1602 4855 1649 4896 vo·

133 4928 211 4998 regui
251 4927 441 4985 miserabiliter
481 4934 606 4982 vexatum
649 4934 677 4983 et
722 4926 805 4982 adlie-
856 4929 959 4994 tumus,
1001 4936 1032 4985 ut
1074 4943 1124 4984 vos
1164 4943 1275 4997 omues,
1320 4938 1431 5001 propter
1477 4943 1648 4986 communem

129 5026 212 5092 atque
246 5019 320 5076 omui
356 5020 519 5074 abundantia
562 5033 653 5074 rerum
689 5019 804 5089 quodam
857 5019 971 5075 salutent
1006 5027 1034 5075 et
1070 5019 1149 5090 regni
1186 5019 1316 5099 horrorem
1352 5035 1385 5076 ac
1421 5019 1511 5090 populi
1548 5019 1653 5073 utilite-

139 5106 316 5164 erlnanitunr.
364 5106 420 5164 Nec
466 5108 531 5164 illud
576 5107 659 5163 etiarn
700 5108 806 5165 dubita-
856 5120 923 5178 tem,
971 5110 1128 5168 obedientes
1175 5120 1203 5167 et
1238 5111 1374 5168 adiutores
1422 5110 1512 5166 missis
1548 5109 1648 5165 nostris

115 5210 150 5253 ex
189 5199 259 5255 lustu
302 5199 419 5256 vindicta
456 5199 527 5255 illius
562 5199 687 5266 evenire,
734 5202 805 5272 quod
855 5206 884 5260 in
919 5203 1045 5262 omnibus
1079 5219 1130 5274 pro
1166 5202 1269 5259 viribus
1304 5217 1365 5258 esse
1400 5217 1454 5258 nou
1484 5201 1650 5272 neglegatls;

135 5290 261 5344 soendala
302 5306 350 5361 per
392 5299 521 5362 tyrannos
562 5290 590 5345 in
633 5290 685 5348 hoc
721 5307 805 5365 regno
855 5297 989 5368 simulque
1029 5295 1122 5353 scintis
1165 5296 1200 5350 ob
1237 5295 1307 5350 banc
1348 5309 1458 5350 causam
1494 5308 1544 5349 nos
1580 5288 1650 5347 vella

626 5405 822 5465 vltttnltlsss
839 5408 1040 5468 Ltlcllollsss.

129 5494 288 5566 Simonem
306 5498 398 5554 derant
415 5500 441 5553 in
460 5499 536 5556 codd.
553 5502 683 5558 oneribus.
732 5504 823 5559 'deest
836 5504 905 5576 opud
917 5504 1000 5563 Sirra.
1037 5503 1217 5575 ⁸propitiaret
1230 5499 1315 5561 Siras.

775 5612 890 5670 NOTAE.
950 5654 961 5677 .

115 5718 276 5789 tilaloaius;
290 5737 337 5793 per
349 5724 498 5794 cernetipsoa
514 5722 596 5780 Simu.
