3826 6112
134 233 186 294 tlt'i

566 238 595 295 b.
614 236 740 291 daudet
763 235 869 291 bucol
891 236 965 291 buc.
988 239 1074 293 t‘slls
1094 240 1113 307 l,
1135 239 1255 294 secrlo
1275 240 1305 294 ii.

1711 247 1766 306 9i8

132 355 247 424 ideoque
258 361 349 408 notum
365 353 400 407 sil
413 351 531 406 omniunt
548 350 666 407 lldeiium
682 358 834 404 notrorum
850 364 921 418 mag·
938 355 959 413 Λ
975 350 1056 411 Deum
1066 352 1219 406 timentibus
1235 352 1387 407 bominibus
1408 354 1506 409 ibidem
1523 355 1674 426 delegatum
1703 360 1765 424 fuit,

135 443 261 511 situdini,
277 445 396 514 qualiter
422 452 531 515 propter
546 455 641 500 nomeu
660 440 773 506 Domini,
789 451 816 496 et
830 442 923 499 runnu

136 545 238 593 nostrae
252 537 377 601 salutern,
392 550 425 590 eo
443 535 513 603 qnod
529 537 626 591 mercis
640 541 731 597 nostre
745 533 771 593 in
795 541 923 591 eternum

135 636 302 695 permoneat,
328 627 458 681 donamus
472 625 504 683 ad
520 640 583 680 cusa
611 625 640 680 S.
657 625 776 697 Dionysii
799 635 825 681 el
839 626 923 681 uncti

136 718 247 784 Privati,
263 717 368 784 tibiipsi
385 715 495 787 pretiosi
511 731 625 788 corpore
637 718 817 785 rtqrriescuut,
830 715 924 771 Eadal·

136 808 345 878 tuguusutnna
375 807 401 867 in
429 823 496 878 pago
520 808 663 872 Salarium,
688 823 732 862 ros
756 806 925 878 proprietatis

137 914 205 960 mese
224 899 250 959 iu
276 895 431 967 wastingas
451 912 520 968 quas
547 896 710 953 adalbaldus
728 896 849 968 genitore
863 908 925 949 meo

137 988 256 1054 tradidit,
269 984 452 1059 geanitlingue
466 988 500 1043 ad
517 989 576 1058 ipsu
598 988 656 1042 ioco
670 988 790 1055 aspicere
804 985 925 1050 videtum

136 1079 264 1135 similiter
289 1078 351 1133 illus
374 1093 483 1135 mensus
497 1092 564 1150 quos
588 1077 691 1144 genitur
707 1089 797 1131 noser
813 1072 926 1133 Fulrrdo

137 1168 323 1234 beneficiatit3
340 1167 494 1229 irrlilieinuis
507 1180 601 1233 curtae,
617 1175 645 1222 ot
663 1167 705 1227 illa
719 1174 791 1227 terra
815 1164 926 1243 etsplro

139 1261 174 1315 de
189 1273 243 1325 uno
270 1272 364 1325 mapsa
379 1258 520 1317 Abdusito
536 1277 543 1324 ·‚
572 1257 697 1315 similiter
708 1257 764 1317 alio
779 1270 872 1311 manso
898 1255 925 1311 in

978 441 1078 510 integra
1104 441 1248 497 emunitate
1272 446 1480 512 concessissent,
1520 447 1650 503 ntnnilus
1683 451 1767 518 indes

979 531 1101 598 publicus
1117 532 1143 586 irr
1159 534 1229 589 villis
1246 535 1286 587 rel
1302 535 1382 595 rebus
1395 535 1478 605 ipsius
1494 539 1620 596 Ecclesire
1635 554 1704 607 sure,
1719 559 1769 601 neec

977 621 1009 673 ad
1021 636 1117 675 causas
1136 623 1295 688 audiendas,
1318 638 1367 679 trec
1382 624 1454 679 freda
1477 628 1618 698 erigenda,
1633 647 1769 691 nectttan-

976 712 1067 767 siones
1081 722 1125 766 ant
1141 727 1245 782 paratas
1261 714 1406 781 iaciendas,
1424 718 1652 787 neclidejussorcs
1666 723 1766 779 tolles-

976 803 1049 865 dum.
1079 819 1128 858 uec
1153 807 1276 859 borsines
1291 805 1375 873 ipsius
1402 808 1529 864 Ecclesia
1553 812 1586 865 de
1604 813 1770 882 ptribusiiitel

976 892 1296 962 caueiudistrlngendnm.
1312 911 1360 950 uec
1370 898 1450 950 ullum
1463 901 1665 957 retributionem
1679 904 1768 971 requi-

977 985 1099 1049 rendum,
1115 984 1215 1045 ibidem
1244 988 1384 1056 ingredere
1398 1005 1451 1043 nnn
1468 991 1575 1047 audeat.
1589 992 1668 1048 Unde
1683 993 1769 1063 ipsam

978 1077 1183 1144 praeceptionem
1211 1079 1425 1136 antecessoribus
1455 1080 1681 1152 [urttecessorusu.
1702 1085 1772 1160 ote]

979 1166 1079 1219 uostris
1104 1165 1159 1234 jun
1188 1166 1278 1232 dictis,
1305 1182 1352 1224 seu
1375 1182 1401 1224 et
1417 1184 1509 1226 sorttrn
1533 1173 1768 1237 confirmationem

979 1268 1041 1312 ante
1058 1258 1146 1311 dictus
1160 1259 1229 1312 abba
1246 1260 1419 1323 baldebertus
1438 1274 1527 1319 rector
1541 1266 1576 1320 ile
1598 1267 1658 1336 ipso
1674 1284 1771 1329 mona·

138 1351 374 1421 Ermeragorilla‚
386 1359 412 1406 et
428 1351 474 1404 illo
490 1364 584 1413 ollttso
605 1349 638 1414 eti
663 1348 810 1418 almingas,
826 1358 850 1403 et
867 1347 927 1410 illos
977 1348 1060 1402 sterio
1074 1350 1153 1403 uoltis
1164 1349 1325 1405 osondosd
1337 1353 1521 1427 relegendum,
1534 1364 1563 1413 et
1580 1356 1668 1424 ipsum
1685 1359 1770 1422 burm·

138 1456 247 1507 ltltsnaos
259 1442 292 1495 ad
305 1442 451 1507 carisiaco,
467 1451 708 1517 quantumcumque
722 1439 754 1493 sd
767 1440 838 1508 ipsus
852 1450 925 1493 matt·
978 1437 1067 1491 boisum
1081 1442 1153 1492 circo
1177 1441 1288 1494 eandem
1320 1452 1492 1497 naemoratam
1509 1443 1660 1507 Ecclesiam
1688 1449 1771 1517 ipius

137 1548 183 1589 sos
193 1534 314 1603 aspicere
326 1532 440 1597 tuetur,
453 1530 634 1600 donatumque
649 1529 675 1583 in
694 1536 850 1598 perpetuum
865 1540 926 1581 esso
978 1545 1062 1599 nsotre
1077 1544 1147 1584 lilliltt
1159 1533 1255 1586 asserit
1279 1546 1340 1587 esse
1352 1545 1551 1588 corrserratum.
1581 1535 1635 1595 Sed
1652 1553 1704 1607 pro
1726 1541 1771 1594 lir-

136 1625 209 1697 uolo,
220 1624 248 1680 ili
262 1632 371 1689 ,931011ῐῦ
388 1623 479 1693 lillis,
493 1621 629 1695 limitibus,
644 1620 779 1685 drimibns.
794 1617 923 1681 edificiis,
979 1623 1077 1676 utitatis
1101 1624 1191 1677 studio
1211 1624 1291 1691 petiit
1316 1625 1502 1683 eelsiunlinem
1524 1639 1646 1689 bostram
1664 1641 1695 1689 ut
1720 1630 1772 1689 bue·

137 1714 249 1787 narsis.
264 1713 414 1790 mancipiis.
443 1712 555 1789 eampis,
578 1709 674 1780 stitis
691 1708 783 1806 prolis,
806 1707 923 1788 pascuis,
941 1709 1065 1768 betium
1078 1714 1147 1768 circo
1158 1716 1245 1782 ipsum
1259 1719 1449 1771 monasterium
1473 1721 1513 1774 rel
1524 1722 1598 1790 ipsos
1622 1727 1773 1782 monaehi»

136 1803 238 1879 libell,
268 1801 344 1875 stillis
367 1814 531 1881 equitumve
554 1798 719 1865 decursibus,
743 1796 887 1852 mobilibus
901 1805 928 1850 el
982 1812 1071 1858 nostra
1102 1804 1215 1858 rieberer
1237 1803 1384 1860 atttboritos
1406 1811 1569 1876 generaliter
1595 1813 1771 1874 eoniirmare.

138 1891 331 1956 immobilibus.
349 1900 433 1951 lotum
447 1899 473 1944 ct
483 1888 516 1943 ad
531 1889 672 1959 integrum,
686 1885 810 1956 quicquid
826 1884 926 1957 adipso

139 1982 196 2039 lom
212 1981 335 2052 superius
347 1980 467 2039 itttimeta
481 1978 601 2048 aspicere
610 1965 856 2046 ridetur,pa‘rtibus
866 1989 927 2028 san·

137 2075 173 2141 cti
188 2072 307 2145 Diortysii
333 2082 361 2129 et
385 2073 472 2137 saneti
498 2069 595 2134 Privati
620 2068 762 2133 donamus,
787 2067 926 2127 tradimus,

138 2175 219 2238 etque
229 2166 254 2221 in
270 2165 394 2229 omnibus
403 2165 533 2228 indultum
546 2161 751 2217 essevolumus.
769 2155 927 2227 rescipien-

140 2271 181 2319 tes
208 2271 273 2327 ergo
292 2255 417 2327 jubemus
440 2253 569 2317 utnullus
595 2251 720 2322 quislibet
746 2250 780 2306 de
807 2248 929 2303 ddelibns

139 2351 255 2415 nostris,
283 2365 370 2420 neque
395 2350 428 2406 de
445 2347 585 2419 judiciaria
614 2353 756 2415 potestate,
785 2341 928 2412 predictas

139 2458 216 2501 ratas
232 2436 290 2510 bei,
307 2442 349 2505 rel
364 2450 484 2503 rectores
493 2438 554 2505 eius
567 2439 602 2492 de
616 2436 687 2513 ipsos
698 2447 741 2489 res
756 2431 878 2502 superios
890 2430 930 2483 iu-

140 2533 392 2602 srrtasinquietare,
405 2544 454 2585 nee
465 2527 626 2594 calomniam
637 2539 765 2603 generare
778 2521 928 2585 nrrllatenus

141 2633 328 2692 presumatur,
346 2620 405 2686 sed,
422 2620 584 2687 utdisinus,
600 2618 698 2683 nostris
712 2626 739 2672 ot
750 2614 845 2668 trituris
857 2624 925 2668 tem·

141 2712 293 2782 poribused
311 2710 448 2781 ipsistoels
469 2707 569 2764 sanctis
581 2707 704 2777 petricius
725 2707 751 2770 in
767 2702 928 2773 augmentis.

141 2793 929 2867 litbuebaeattctoritasllrmiorbabeatur‚relpertempora

141 2894 237 2948 suebos
248 2902 427 2955 conservetur,
439 2906 516 2947 matut
528 2887 636 2958 propria
647 2888 803 2952 subteream
811 2883 930 2950 decreti·

140 2999 200 3043 mus
214 2984 352 3050 roborare,
365 2994 392 3038 et
406 2982 440 3038 de
453 2982 534 3036 surdo
546 2990 638 3035 nostro
656 2978 784 3048 iussimus
797 2977 927 3047 sigillare.

70 3078 74 3087 '
175 3072 284 3149 Signtrm
298 3073 388 3129 llurott
400 3070 584 3143 gloriosissimi
601 3069 682 3141 regis.

176 3167 252 3225 ilatio
262 3165 296 3229 sti
309 3165 393 3230 tricem
407 3163 518 3225 liitbetii
534 3162 699 3232 recognovit.

176 3259 241 3325 Data
258 3258 284 3323 in
300 3271 392 3312 mense
403 3255 564 3320 iios-emitto,
580 3267 650 3306 anno
663 3262 756 3307 octavo
771 3259 797 3305 et
811 3248 930 3306 sectrntio
953 3234 974 3270 ⁸

141 3350 215 3426 regni
241 3351 336 3407 nostri.
360 3351 454 3402 Aelttm
470 3344 689 3403 Theodotus-silla
705 3343 731 3397 iu
749 3341 794 3397 bei
822 3340 929 3396 nornine

142 3439 268 3495 ieiiciter.
284 3441 379 3493 dttteu.

487 3526 590 3585 ltiltlt.

151 3641 312 3713 Proerepltoo
323 3640 409 3695 Coreli
422 3639 511 3709 diupei
525 3657 571 3708 pru
584 3640 743 3697 iiordocerrsi
755 3637 919 3697 nrottrtaterio.

384 3751 429 3812 (Et
445 3753 475 3803 b.
486 3753 606 3815 Butttpucl,
621 3750 692 3812 illd.)

179 3859 291 3913 Carolus
303 3858 385 3928 gralia
400 3857 445 3910 Dei
469 3855 688 3910 rer·Franeurtrm
701 3864 726 3909 el
739 3852 930 3924 Lougobardu-

142 3964 214 4004 ruru.
231 3947 371 4017 l‘ritrcipali
396 3945 502 4016 quidem
517 3945 665 4000 clementiae
679 3952 835 3999 cunctorum
856 3942 933 3996 decet

144 4037 347 4096 scettttttttodale
379 4051 469 4091 aurem
495 4036 647 4106 benignam,
672 4034 856 4103 prooipnenue
883 4045 932 4101 pro

144 4130 303 4198 ‹torttpeutlio
314 4130 463 4191 animarum
479 4143 491 4178 a
508 4110 718 4197 precedentibus
733 4122 838 4196 regibus
853 4132 930 4177 attte-

143 4221 296 4280 cessoribus
319 4220 419 4275 nostris
445 4217 478 4272 ad
500 4217 556 4272 ioca
587 4216 765 4272 Ecclesiarom
788 4218 930 4284 probatuos

144 4329 205 4369 esse
218 4313 359 4383 indultum,
373 4312 468 4367 deuota
495 4311 625 4367 debemus
640 4322 730 4366 mente
754 4307 929 4379 perpendere,

145 4412 173 4457 ct
186 4414 280 4466 ettncta
292 4402 431 4469 beneficia,
447 4409 476 4457 ul
486 4415 636 4456 mereamur
650 4399 682 4453 ad
697 4399 846 4455 mercedem
870 4411 930 4451 esse
949 4406 970 4466 p

147 4494 303 4562 participes,
318 4507 370 4547 uon
394 4507 501 4565 negare,
522 4490 570 4546 sod
593 4490 782 4545 robustissimo
801 4487 862 4558 jure
885 4501 934 4558 pro

147 4584 244 4638 nostris
264 4582 378 4655 oraculis
395 4584 562 4636 continuare.
582 4580 661 4652 lgitur
685 4577 844 4635 venerabilis
858 4576 934 4630 Anti·

145 4691 177 4730 ro
190 4674 261 4729 dtrtro
274 4672 321 4728 bei
338 4673 418 4728 abbas
430 4674 463 4729 de
478 4672 640 4728 ntunnsterio
663 4671 934 4740 vitarioperegrino·

147 4784 218 4834 rum,
242 4766 287 4835 otri
310 4765 416 4834 ttorritrtr
438 4766 463 4819 itt
484 4779 551 4834 pugo
567 4763 709 4819 alsasense
730 4761 934 4830 superbonum

147 4860 264 4922 dlorbae.
280 4858 324 4925 oni
342 4867 384 4912 est
397 4867 565 4922 constructus
578 4856 603 4909 in
617 4856 718 4910 bonore
733 4853 763 4909 S.
778 4852 934 4921 leodegarii

979 1892 1060 1962 Cujus
1076 1893 1230 1962 petitionem
1247 1909 1295 1962 pro
1310 1898 1461 1952 reverentia
1485 1899 1570 1968 ipsius
1585 1901 1656 1965 loei.
1673 1913 1703 1963 ut
1717 1922 1770 1960 tue·

979 1998 1086 2038 reamur
1098 1982 1131 2037 ad
1151 1985 1302 2040 mercedem
1329 1988 1438 2054 sociari,
1455 1990 1610 2057 plenissima
1631 1997 1771 2051 rmrrnrate

979 2073 1027 2127 risi
1043 2071 1142 2128 luimus
1166 2075 1332 2144 prestitisse.
1348 2081 1388 2133 rel
1408 2080 1435 2133 in
1455 2082 1579 2136 omnibus
1593 2087 1770 2143 conllrmute

979 2166 1142 2234 cognoscite.
1171 2165 1364 2235 Pracipientes
1388 2184 1455 2240 ergo
1476 2171 1602 2239 iubemus
1628 2185 1659 2231 ut
1683 2178 1771 2233 rioilus

977 2253 1057 2322 juder
1070 2253 1190 2322 publicus
1203 2256 1229 2309 lo
1246 2271 1289 2311 res
1302 2257 1344 2310 rel
1369 2259 1508 2315 lucultstes
1527 2256 1613 2330 ipsius
1636 2264 1771 2330 ecoimiae,

980 2343 1072 2396 neead
1096 2358 1193 2398 causas
1223 2344 1381 2411 audiendas,
1408 2356 1436 2401 et
1456 2347 1530 2409 iteda
1552 2351 1699 2420 erigenda,
1723 2368 1772 2409 ttee

980 2436 1131 2488 morosiores
1156 2445 1202 2489 aut
1223 2445 1329 2504 paratas
1351 2439 1499 2498 redeunde.
1530 2456 1582 2496 neo
1598 2443 1770 2511 fidejussores

980 2524 1138 2591 terendum,
1154 2542 1204 2580 nec
1229 2527 1350 2584 immines
1371 2529 1453 2598 ipsius
1473 2531 1597 2587 ecclesio
1621 2543 1678 2591 tam
1701 2536 1771 2603 inge·

981 2630 1137 2686 utrumquem
1152 2631 1256 2682 seruos,
1267 2621 1312 2687 otri
1324 2635 1406 2687 super
1418 2635 1510 2677 eorum
1525 2621 1618 2695 lejrts]
1634 2634 1720 2683 tems
1729 2625 1772 2681 tal

981 2708 1057 2761 initln
1070 2723 1242 2766 commanere
1254 2710 1389 2776 viderur,
1403 2713 1448 2779 oui
1468 2712 1568 2769 ibidem
1582 2715 1728 2782 aspiciunt,
1738 2717 1771 2771 tis

980 2799 1144 2866 quibuslibet
1166 2800 1255 2855 causis
1270 2801 1492 2872 distringendum,
1505 2819 1556 2860 nec
1574 2806 1645 2869 ullas
1661 2808 1770 2862 retribu-

981 2891 1068 2945 tiones
1093 2891 1294 2960 requirendum,
1321 2895 1418 2950 ibidem
1439 2895 1581 2966 ingredere
1595 2914 1651 2955 nort
1664 2900 1769 2955 debeat.

981 2981 1033 3038 Sed
1044 2983 1113 3038 sictut
1123 2982 1206 3052 ipsios
1219 2984 1376 3041 beneiiriorn
1391 3002 1404 3043 a
1417 2988 1472 3056 jum
1488 2988 1568 3045 dictis
1593 2992 1771 3045 antecessori·

943 3050 966 3113 C
985 3072 1033 3125 bus
1048 3073 1147 3128 nostris
1158 3074 1298 3140 indultum,
1316 3077 1433 3144 priorum
1443 3064 1593 3148 principum
1610 3083 1771 3141 arrtboritate

981 3161 1192 3231 selandicum
1202 3166 1344 3227 ecelesiam
1363 3182 1448 3236 tregue
1465 3183 1537 3228 nurse
1551 3169 1602 3225 luit
1629 3186 1770 3229 conserta-

982 3253 1101 3317 tom-ita
1111 3263 1139 3308 et
1153 3254 1279 3324 deinceps
1292 3271 1340 3325 per
1355 3268 1472 3312 nostram
1488 3259 1681 3321 authoritatem
1692 3276 1768 3329 gerro-

982 3342 1186 3401 ralitermaneat
1197 3345 1392 3402 inconvulsum.
1403 3348 1569 3417 Etouldouid
1581 3350 1683 3408 exinde
1693 3352 1770 3411 decus

982 3440 1072 3486 neuter
1083 3440 1186 3500 poterat
1200 3448 1319 3503 sperare,
1345 3436 1372 3489 itt
1386 3436 1468 3505 ipsine
1482 3437 1585 3499 domiui
1614 3439 1768 3509 beodegsrii

981 3535 1007 3577 et
1022 3522 1052 3579 S.
1068 3522 1139 3583 Petri
1154 3526 1330 3584 lentinaribus
1342 3527 1384 3581 rei
1400 3528 1430 3585 S.
1440 3527 1542 3594 liaris,
1559 3544 1609 3597 pro
1629 3532 1769 3585 stabilitate

983 3613 1059 3685 regui
1073 3616 1158 3675 nostri
1172 3616 1292 3684 proiciat
1316 3616 1342 3670 in
1358 3628 1540 3687 augmentum.
1558 3619 1592 3681 iil
1606 3630 1637 3675 ut
1660 3621 1767 3675 beera·

983 3706 1096 3762 tboritas
1110 3717 1163 3762 tant
1174 3709 1350 3777 pratentibus
1361 3724 1440 3778 quam
1454 3719 1482 3766 el
1501 3710 1598 3765 littoris
1610 3713 1766 3781 temporibus

983 3797 1066 3862 possit
1077 3806 1210 3863 consume,
1224 3813 1304 3853 roano
1319 3809 1409 3854 nostro
1420 3800 1511 3860 subter
1527 3803 1725 3869 roberavimus,
1740 3812 1765 3863 et

982 3885 1083 3940 annulo
1097 3895 1189 3942 nostro
1203 3888 1320 3957 sigillare
1331 3888 1472 3958 pissimus,

1018 3976 1127 4046 Signorn
1136 3975 1223 4033 Caroli
1237 3979 1421 4048 gloriosissimi
1435 3983 1516 4053 regis.

1018 4066 1173 4136 Wigbaidus
1184 4070 1217 4124 ad
1226 4069 1310 4125 vicen
1323 4071 1436 4127 ltirlrerii
1447 4074 1612 4145 recognovit.

1020 4160 1084 4214 bata
1098 4160 1184 4228 pridie
1202 4160 1291 4217 Nonas
1305 4164 1415 4232 Aprilis,
1431 4179 1501 4221 anuo
1523 4168 1678 4236 septimoet
1689 4165 1764 4235 prium

985 4254 1058 4322 regni
1088 4255 1184 4310 nostri.
1208 4257 1304 4310 Actum
1325 4256 1460 4313 Carisiaco
1475 4258 1575 4327 palatio
1603 4259 1762 4330 publiceit

986 4344 1031 4399 ilci
1044 4345 1150 4399 nornine
1161 4342 1286 4399 feliciter.
1304 4348 1398 4401 Amen.

1320 4457 1435 4513 ilxvlll.

984 4566 1144 4639 Prcrecplum
1167 4553 1252 4624 Coreli
1277 4570 1363 4640 lingui
1387 4588 1433 4640 pro
1458 4573 1612 4628 monasterio
1636 4571 1760 4628 floride·

1209 4642 1276 4694 ceriti
1291 4643 1371 4712 (atrro
1383 4642 1457 4710 275).

1224 4750 1270 4806 iiis
1283 4751 1314 4800 b.
1330 4751 1453 4823 seuque,
1468 4753 1537 4814 ibid.)

1020 4856 1131 4911 Carolus
1146 4857 1230 4934 gratia
1253 4854 1300 4911 Dei
1316 4872 1360 4910 rer
1386 4857 1549 4911 Frmteorttm
1571 4868 1599 4912 et
1622 4855 1761 4926 tunguen-

147 4960 174 5005 et
186 4951 215 5005 S.
232 4948 305 5005 i’etri
317 4947 430 5018 apostoli
446 4958 473 5003 ct
495 4947 523 5002 S.
548 4939 637 5003 ilaiiue
649 4953 861 5013 ceterorumque
873 4956 936 4995 sarr·
986 4947 1094 5011 dorum,
1118 4960 1149 4999 ac
1172 4944 1298 5015 patricius
1324 4945 1516 5013 Rornanorum,
1540 4947 1581 5001 tir
1605 4942 1762 5001 inlustrisli

120 5042 123 5047 '
147 5041 320 5105 etoruor‚trbi
345 5043 486 5109 ipserum
515 5039 591 5092 turba
608 5037 719 5106 plurima
743 5035 935 5091 monacltornm
987 5032 1162 5103 petitionibus
1185 5034 1352 5094 sacerdotum
1369 5035 1439 5103 quud
1462 5035 1495 5090 ad
1516 5036 1663 5106 proiectum
1685 5037 1762 5095 berle·

148 5131 283 5185 deservire
297 5130 427 5196 noscitur,
456 5128 607 5184 clementiis
634 5126 809 5199 seguinoslri
825 5140 937 5196 sugges·
987 5130 1085 5183 slarrrm
1101 5127 1225 5196 pertinet,
1250 5126 1345 5181 devota
1370 5136 1460 5181 mente
1479 5136 1649 5194 prestamus,
1661 5125 1762 5181 retriba-

148 5223 183 5276 til
197 5221 311 5292 eoquod
328 5222 410 5276 nostri
425 5231 610 5277 antecessores
624 5220 758 5292 ornandam
780 5235 827 5290 per
844 5234 937 5273 eorum
989 5229 1073 5273 turem
1099 5218 1218 5273 omnium
1242 5219 1370 5273 ltonnruru
1395 5217 1485 5273 lesttm
1511 5216 1647 5273 Christum
1669 5232 1701 5277 er
1723 5217 1764 5270 bat

148 5311 324 5367 tutboritates
353 5313 458 5367 iliorum
480 5312 602 5367 manibus
629 5312 795 5379 subscriptas
821 5310 854 5364 do
868 5307 939 5362 villis
990 5311 1148 5365 lentunen-e
1161 5309 1332 5365 corriiditnus.
1349 5310 1428 5371 Periit
1449 5311 1635 5371 celsitudinem
1659 5321 1763 5367 nostrati

149 5405 231 5471 ipsius
244 5405 273 5461 S.
291 5403 428 5468 sceleste,
456 5405 525 5473 quod
540 5403 628 5479 [otras]
643 5405 674 5457 ud
689 5418 807 5477 praesens
821 5402 940 5470 posside·
990 5400 1149 5455 setrcrabilis
1163 5402 1203 5454 vir
1227 5399 1360 5454 dianasses
1380 5399 1448 5453 abbat
1472 5400 1508 5454 de
1528 5394 1764 5465 monasteriorum

150 5491 274 5558 brutam
302 5508 334 5548 er
355 5497 510 5548 nrtrneribus
533 5496 698 5564 principum,
730 5493 938 5548 serrliberbardi
991 5502 1101 5547 vocatur
1117 5490 1293 5558 Flauiniarus,
1311 5492 1336 5547 iu
1354 5505 1420 5559 pago
1442 5491 1559 5555 disinse,
1575 5489 1647 5560 quod
1660 5498 1766 5544 estcor·

151 5586 194 5652 spui
215 5586 300 5650 ipsnrn
325 5589 514 5641 rnrtrtastcrium
531 5587 557 5641 io
582 5602 630 5641 sua
650 5586 796 5641 elemosina
811 5583 938 5648 fundarit,
991 5592 1120 5637 structum
1137 5582 1163 5635 in
1187 5580 1290 5637 itottorc
1305 5581 1408 5641 Domini
1434 5582 1519 5639 nostri
1534 5579 1598 5637 iesu
1613 5578 1722 5643 Cirristi.
1735 5575 1767 5631 tei

151 5687 230 5746 tpttttttt
254 5689 285 5729 ct
313 5679 465 5748 pagensium
494 5679 628 5749 largitate,
653 5679 693 5734 tel
716 5677 785 5747 qrtotl
807 5677 938 5731 inantcau
992 5673 1075 5728 sancti
1090 5671 1173 5738 letti,
1187 5673 1229 5728 sol
1253 5672 1337 5729 saneti
1362 5671 1495 5739 Prriocti,
1510 5680 1631 5731 olomuc
1644 5670 1768 5727 triow
