3826 6112
567 323 597 377 ll.
617 323 741 378 catheti
762 321 866 379 attunt
886 323 961 379 ott.
983 325 1070 381 trttts
1090 326 1107 379 Ι.
1131 326 1292 384 stertet.

710 567 924 643 tentato
954 567 1173 659 Quanta.

135 693 305 771 Sequentia
324 692 479 772 quaedam
503 694 639 773 capitula
658 713 696 756 ex
721 702 902 757 sanctorum
926 701 1050 774 patrum
1066 695 1200 757 decretis
1232 701 1262 756 et
1289 697 1516 771 imperatorum
1541 701 1654 764 edictis
1673 703 1764 767 eolli-

176 788 249 847 gere
267 772 449 832 curavimus
466 777 562 852 atque
573 772 657 834 inter
670 781 778 836 nostra
793 774 929 853 capitula
946 773 1015 853 lege
1031 774 1209 838 firmissima
1227 775 1362 836 tenenda
1380 778 1518 854 generali
1537 780 1691 842 consultu
1707 785 1763 844 Er-

175 847 362 910 ehemhuldo
378 849 564 913 cancellario
580 857 688 914 nostro
703 853 843 914 inserere
858 851 1023 914 iussimus

135 927 194 987 Hic
212 927 328 1014 desunt
346 929 501 1008 quaedam
521 929 657 1003 captitula
682 948 763 1010 quae
787 931 820 992 iu
840 929 911 993 aliis
927 930 1019 991 libris
1036 929 1245 993 insternuntur
1261 952 1268 991 ε
1288 950 1370 1012 quae
1384 932 1458 996 ideo
1474 936 1764 1014 praetermisimus,

174 1022 248 1084 quta
264 1006 298 1066 in
314 1007 376 1069 sure
394 1008 477 1069 tertii
493 1006 564 1069 libri
580 1009 728 1087 superius
744 1009 900 1071 hahentur
915 1008 1034 1070 inserta

771 1143 1093 1160 w

172 1219 196 1274 l.
220 1218 259 1275 Es
273 1237 405 1275 sacrarum
420 1222 578 1278 institutione
597 1221 697 1289 leenae,
712 1219 776 1275 tibro
791 1219 832 1282 ib,
849 1219 921 1289 capi·
936 1222 957 1279 Α
972 1221 1086 1274 serutari
1100 1239 1108 1285 ;
1124 1237 1215 1276 rerum
1238 1222 1403 1287 sacerdotes,
1426 1222 1522 1293 ortibus
1544 1225 1613 1281 haee
1631 1242 1698 1281 cura
1713 1244 1761 1293 est,

117 1295 187 1347 ¹tirio
205 1293 245 1345 lb.
262 1291 346 1357 erarn
365 1293 400 1345 sit
422 1301 595 1347 extranensa
611 1292 773 1347 christianae
797 1288 856 1343 ildei
877 1304 921 1342 re·
972 1291 1042 1358 apud
1059 1294 1216 1361 sentietipsos
1230 1301 1445 1360 congregentur,
1471 1294 1514 1348 uhi
1531 1295 1678 1351 voluerint.
1700 1297 1762 1356 Cum

134 1363 206 1429 gula,
222 1363 265 1428 uui
288 1378 316 1415 se
340 1359 510 1417 defensorem
526 1362 646 1416 veritatis
661 1361 797 1415 insimulat
810 1369 838 1412 et
852 1359 922 1414 reri·
972 1359 1039 1414 haec
1059 1361 1148 1429 itaque
1170 1364 1352 1421 respondisset
1377 1363 1510 1432 princeps,
1533 1365 1560 1420 in
1587 1364 1762 1434 Larrrpsaeuru

135 1440 216 1486 tatean
250 1432 333 1500 ipsam
363 1447 501 1486 nnmerum
535 1431 692 1499 acceptione
723 1429 921 1491 commaculat,
972 1440 1155 1485 corrreuernnt
1169 1432 1299 1502 episcopi.
1314 1432 1434 1501 Cuurque
1447 1432 1514 1487 diros
1527 1449 1635 1489 menses
1648 1446 1762 1493 tractas·

134 1501 225 1554 arritiat
239 1510 332 1555 contra
347 1516 376 1554 se
387 1502 546 1570 prophetant
562 1501 696 1554 dicentem
713 1518 719 1552 :
740 1499 791 1553 Pro
800 1516 841 1563 eo,
855 1497 923 1570 qaod
972 1509 1048 1565 sent,
1065 1501 1135 1555 inter
1149 1509 1256 1557 caetera
1277 1502 1349 1556 iusta
1366 1501 1469 1571 priores
1490 1517 1637 1558 canonese
1659 1505 1763 1573 iscopos

134 1571 283 1624 nendidirtie
298 1580 403 1639 arpenta
415 1572 508 1625 iustam
520 1581 544 1624 et
558 1586 696 1639 pauperem
709 1587 755 1639 pro
767 1570 923 1623 cnicinnren·
972 1569 1075 1624 eiectos
1089 1579 1170 1638 atque
1182 1571 1238 1625 stris
1252 1572 1332 1625 rebus
1346 1571 1496 1639 expoliatos
1518 1571 1550 1626 ad
1568 1574 1589 1603 ¹¹
1603 1588 1644 1627 ser
1655 1590 1687 1630 es
1701 1591 1761 1644 prn-

134 1641 177 1704 tis‚
192 1656 248 1694 ecee
260 1656 307 1708 epo
321 1641 431 1694 stridebo
443 1658 519 1708 super
533 1657 585 1702 uus,
601 1641 664 1693 uteru
675 1641 764 1695 stridet
780 1641 923 1707 plaustrum
973 1638 1044 1705 prias
1057 1640 1138 1706 recipi
1154 1640 1174 1671 ¹¹
1187 1648 1215 1694 et
1225 1641 1312 1708 primo
1326 1656 1374 1694 sua
1387 1641 1476 1694 onmia
1490 1641 1529 1695 eis
1544 1641 1619 1696 reddi
1636 1645 1762 1700 deereve-

134 1720 255 1764 onustum
269 1712 360 1778 suerro,-
375 1721 399 1762 et
421 1712 512 1779 peribit
528 1712 589 1781 [upa
609 1710 730 1775 aoeioce,
746 1718 770 1762 et
784 1711 858 1775 {ortis
873 1724 924 1762 non
973 1716 1046 1761 runt.
1062 1710 1130 1764 Etsi
1155 1711 1214 1777 ouis
1238 1709 1379 1775 posthaec
1400 1724 1446 1763 erre
1463 1725 1591 1764 accrrsare
1606 1713 1703 1780 vellet,
1718 1728 1764 1770 eos

134 1779 257 1834 obtinebit
269 1779 386 1832 uirtutem
400 1795 482 1844 enam,
497 1791 521 1834 et
537 1779 653 1833 rubraue
676 1795 726 1833 non
741 1780 849 1833 rutnubtr
863 1779 923 1831 oni·
973 1779 1093 1844 periculo
1109 1779 1197 1834 lacere
1220 1779 1403 1840 sanciverunt,
1418 1779 1518 1834 iudices
1539 1795 1601 1834 esse
1615 1781 1763 1838 decernen-

134 1847 922 1918 marnerram,etrobustaecardeiatertartestrudas»tinniet
974 1856 1013 1902 tes
1030 1848 1169 1916 episcopos
1191 1857 1266 1905 recte
1282 1850 1419 1916 sapientes
1447 1851 1471 1901 in
1494 1851 1640 1904 ecclesiam
1666 1867 1763 1906 cmrre-

169 1918 196 1971 ι,
218 1917 260 1970 Ec
280 1918 370 1972 eodem
392 1920 474 1985 libro,
496 1919 608 1972 titubatio
628 1921 651 1972 ie
668 1920 675 1949 ¹
698 1919 789 1972 tertiae
810 1918 923 1984 capituto
972 1919 1088 1982 menites,
1103 1920 1146 1973 nbi
1162 1926 1244 1974 testes
1257 1926 1347 1972 essent
1359 1917 1523 1986 singulorum
1536 1920 1583 1987 qui
1604 1920 1764 1977 dicebantur

135 1988 180 2044 tt.
202 1987 272 2042 Nulli
287 1989 495 2043 christianorum
515 1989 556 2042 vel
573 1990 582 2018 ¹
599 1988 738 2043 iudeorum
762 1991 787 2041 in
809 1997 924 2058 utroque
972 1990 1105 2056 oppressi.
1118 1987 1152 2041 Et
1166 1989 1281 2057 reliqna.
1720 1989 1727 2001 ‘

134 2074 201 2114 sexu
215 2060 395 2123 permittimus
409 2076 442 2113 ex
457 2059 655 2128 propinquitate
677 2058 813 2121 sanentuis
827 2058 867 2111 sni
882 2059 924 2115 rel
1009 2058 1033 2108 l.
1056 2056 1099 2110 Ex
1112 2059 1220 2126 epistola
1237 2060 1258 2089 ¹¹
1274 2057 1367 2113 Leonis
1380 2074 1463 2126 papae
1482 2056 1666 2114 Cniefdonerrei
1679 2077 1727 2116 con
1742 2066 1765 2118 i-

135 2129 228 2184 utoris
241 2143 306 2182 suae
325 2138 406 2196 atquc
419 2132 500 2183 etiarn
517 2128 635 2181 rirornrn
651 2129 727 2182 iusta
742 2128 839 2196 legem,
855 2144 924 2193 rruae
973 2127 1008 2182 i'o
1023 2129 1131 2181 directa.
1148 2126 1280 2183 Plurimos
1294 2128 1389 2181 iratres
1403 2128 1509 2181 settbus
1522 2129 1578 2183 suis
1592 2130 1687 2197 pulsos
1701 2142 1729 2185 et
1739 2134 1763 2186 io

134 2198 162 2253 iu
186 2198 339 2253 christianis
357 2207 398 2252 est
412 2199 474 2264 lata,
503 2213 587 2262 usrrue
611 2198 636 2250 in
659 2197 766 2265 septimi
789 2199 799 2229 ¹
818 2201 925 2264 generis
973 2198 1053 2251 exitia
1068 2197 1216 2251 audirimus
1230 2197 1386 2266 deportatos
1400 2206 1480 2263 atque
1493 2197 1621 2253 inlocum
1636 2204 1765 2268 supersti-

133 2267 245 2336 gradum
261 2268 394 2322 connubia
416 2269 525 2327 ducere.
541 2268 583 2321 rel
599 2268 690 2322 incesti
705 2269 836 2322 rrraculam
859 2284 924 2336 ope·
974 2275 1030 2320 turn
1044 2266 1111 2321 alios
1125 2267 1173 2321 sub
1189 2271 1292 2321 titutos.
1308 2265 1354 2320 llis
1374 2267 1496 2335 priruitus
1518 2269 1678 2324 rutrrcribus
1692 2272 1764 2325 adhi-

133 2337 199 2391 rar'r.
215 2335 299 2391 liuius
313 2338 394 2405 igitur
409 2338 594 2406 permixtionis
615 2336 750 2391 inlecebra
767 2338 812 2391 tali
826 2341 924 2392 multa·
973 2336 1068 2390 beatur
1090 2337 1220 2392 medicina
1244 2337 1370 2400 iustitiae,
1395 2336 1591 2406 nequisquam
1616 2340 1656 2392 ita
1676 2347 1767 2394 careat

133 2406 209 2461 hitnr
224 2421 320 2476 poena,
345 2415 374 2461 ut
386 2410 503 2474 separati
519 2408 553 2460 ah
576 2408 690 2461 invicem
704 2414 733 2459 et
747 2417 858 2462 eorrtena
876 2425 924 2476 pu
974 2407 1099 2474 propriis,
1117 2413 1145 2459 ut
1167 2406 1235 2461 alter
1248 2415 1336 2462 utatur
1356 2406 1461 2459 alienis.
1480 2408 1564 2472 Quen
1590 2420 1715 2462 errorem
1730 2411 1765 2465 ita

133 2476 203 2531 blice
225 2475 353 2529 decalvati
379 2478 481 2544 llagella
508 2478 655 2544 suscipiant
677 2486 703 2530 et
724 2476 805 2530 exilio
820 2477 923 2546 religati
975 2489 1068 2529 omnes
1081 2476 1148 2529 relin
1171 2487 1233 2530 narn
1247 2476 1413 2540 sacerdotes,
1430 2475 1570 2529 utnemini
1583 2477 1696 2543 quidem
1720 2495 1764 2548 pe-

133 2547 183 2600 sub
205 2545 310 2612 publica
335 2547 499 2614 poenitentia
524 2554 660 2610 maneant,
685 2560 833 2614 eorumque
850 2548 920 2602 hona
938 2572 959 2630 B
974 2544 1028 2599 rire
1043 2545 1130 2599 honor
1150 2492 1167 2599 3

1170 2546 1261 2609 cheat;
1276 2545 1323 2600 sed
1345 2545 1406 2607 illis,
1421 2545 1465 2614 qni
1490 2560 1538 2612 pro
1553 2544 1605 2600 lide
1621 2546 1765 2602 lahorass-

133 2615 167 2669 ad
194 2616 271 2677 nlius,
288 2630 356 2680 quos
379 2616 412 2670 de
432 2615 601 2684 praecedenti
626 2615 750 2682 coniugio
768 2615 921 2685 habuerint,
974 2622 1045 2678 runt,
1063 2615 1136 2683 prins
1150 2629 1210 2670 cnm
1224 2616 1296 2669 omni
1311 2614 1449 2683 privilegio
1462 2630 1512 2669 suo
1527 2623 1639 2683 oportet
1651 2617 1763 2687 iuspro-

132 2686 262 2750 rrdcaot;
287 2685 308 2739 si
333 2691 422 2739 tannen
448 2695 474 2738 et
498 2685 570 2752 ipsos
592 2695 638 2738 ant
662 2685 688 2738 in
706 2684 778 2739 nullo
798 2684 924 2744 iudaicae
974 2685 1062 2752 prium
1078 2685 1227 2739 reiormari.
1244 2684 1403 2751 Etreliqua.

133 2754 371 2823 praevaricationis
384 2754 559 2808 nracularcrit
575 2770 654 2816 nura,
668 2763 715 2807 arn
729 2753 799 2807 nulla
816 2754 924 2812 incesti·

133 2837 183 2878 rae
198 2839 231 2877 na
246 2824 314 2877 ionis
328 2824 506 2878 soruidarerit
521 2825 636 2879 rnaenla.
653 2824 727 2889 Quod
741 2825 763 2878 si
776 2831 822 2878 aut
835 2825 925 2891 nullos,

133 2893 276 2947 habitarint
302 2892 381 2958 lilios,
406 2901 453 2947 aut
479 2894 594 2958 habitos,
622 2902 650 2947 nt
675 2893 775 2949 dicturo
803 2903 853 2958 est,
880 2899 922 2954 vei

133 2962 255 3018 iudai-‘us
270 2963 411 3018 inrrrlrerit
422 2977 499 3018 error
514 2963 554 3016 rel
568 2963 662 3018 incesti
678 2963 826 3018 foedaverit
837 2968 921 3033 natio,

92 3035 95 3041 '
133 3042 198 3089 tune
214 3034 325 3088 serenitas
345 3033 539 3103 praedictorum
565 3032 717 3088 omnimoda
742 3033 768 3086 in
794 3034 922 3106 principis

114 3108 268 3172 ‘potestate
293 3103 432 3164 consistat,
458 3103 573 3170 qualiter
597 3103 736 3172 principali
759 3104 922 3169 discretione

134 3186 177 3227 res
191 3175 246 3242 ipsa
261 3182 307 3227 aut
330 3174 356 3227 in
371 3173 523 3228 christianis
546 3188 675 3227 eornrnve
698 3172 840 3228 heredibus
857 3192 922 3231 con-

134 3257 207 3298 cessa
223 3250 390 3310 permaneat.
410 3242 522 3309 Quodsi
544 3244 655 3297 heredes
670 3243 821 3297 huiusmodi
837 3243 922 3314 digni·

134 3313 197 3366 tatis
222 3312 369 3377 defuerint,
386 3311 450 3366 bisen
465 3322 558 3367 nostro
580 3314 681 3367 sociata
696 3313 839 3367 deserviat.
856 3315 922 3371 illud

135 3389 223 3434 tarrren
240 3381 326 3435 modis
345 3383 468 3435 ornnihus
492 3382 686 3437 observandum
711 3379 768 3436 lore
790 3386 918 3454 praecipi-

135 3463 206 3517 tnus,
227 3458 256 3504 ut
270 3451 292 3504 si
307 3453 366 3520 quis
388 3452 550 3505 christianus
573 3453 613 3506 vel
628 3452 776 3507 christiana
791 3464 837 3505 arrt
852 3455 862 3485 ¹
877 3455 920 3509 lu·

135 3519 219 3574 dacus
240 3521 281 3574 rel
297 3520 393 3574 lurlaea
410 3522 515 3574 noviter
538 3522 656 3592 nuptiale
671 3520 768 3574 lustum
783 3522 922 3580 celebrare

136 3589 279 3652 voluerint,
290 3605 343 3643 uon
355 3590 431 3642 aliter
443 3604 522 3658 quant
533 3606 593 3645 curn
606 3593 751 3655 praemisso
761 3591 831 3646 dotis
844 3594 921 3648 titulo

135 3673 191 3728 quo
214 3658 238 3711 in
264 3659 416 3713 christianis
437 3658 537 3713 salubri
560 3660 726 3714 institutione
750 3672 921 3730 praeceptum

136 3735 188 3793 est,
203 3728 245 3782 rel
267 3728 396 3782 sacerdoli
422 3730 608 3784 benedictione
623 3730 692 3783 intra
711 3729 797 3783 stuurn
812 3743 922 3787 sanctae

138 3798 185 3851 ltei
209 3797 339 3852 ecclesiae
362 3807 486 3866 percepta
510 3799 663 3867 coniugium
687 3800 748 3868 cuiq
762 3816 810 3852 tarn
833 3817 864 3855 ex
881 3803 921 3857 ln's

136 3867 210 3922 adire
224 3868 409 3936 permittimus.
427 3867 503 3934 Quod
518 3869 540 3922 si
554 3869 654 3937 absorte
677 3869 863 3925 benedictione
876 3887 920 3926 sa·

137 3938 253 3992 centone
273 3939 413 4004 quistinam
436 3938 641 3992 christianorum
665 3938 732 3994 rel¹
758 3939 921 3996 llehreurunt

137 4007 243 4061 noviter
257 4006 410 4074 coniugium
425 4007 531 4062 duxerit
554 4008 596 4062 vel
611 4009 835 4077 sollempnitatem
859 4012 925 4079 legis

136 4092 186 4144 pro
205 4077 287 4131 dotali
313 4076 390 4131 titulo
411 4078 436 4131 in
456 4093 626 4146 quocumque
648 4079 864 4135 transcenderit:
881 4091 927 4136 aut

137 4156 244 4200 centurn
266 4146 275 4176 ¹
297 4148 410 4218 principi
423 4147 523 4201 solidos
535 4158 644 4202 coaetus
656 4150 789 4213 exsolvat,
806 4160 851 4204 ant
864 4166 927 4204 cen-

138 4217 224 4269 turn¹
252 4219 357 4285 publice
383 4217 540 4271 verberatus
564 4217 665 4285 llageila
690 4218 828 4286 suscipiat.
854 4219 927 4276 llaec

138 4286 242 4340 scilicet
256 4287 369 4352 dampna
393 4288 435 4340 rei
450 4287 559 4340 verbera
574 4287 727 4354 singillatim
744 4290 927 4359 unusquisque

140 4354 279 4422 prereipiat,
302 4354 429 4410 uidelicet
453 4363 505 4408 tatu
527 4357 581 4420 ille,
607 4359 651 4424 ttui
674 4359 773 4426 nupsit,
788 4374 867 4425 uuam
883 4374 926 4428 ea,

139 4437 209 4491 quae
220 4438 301 4493 rrrrpa
317 4433 369 4490 est,
391 4427 431 4478 rel
455 4426 535 4479 etiarn
551 4442 626 4480 cons·
637 4429 725 4481 ntanei
741 4439 865 4497 parentes
879 4445 927 4484 eo·

139 4507 208 4556 rum,
228 4493 412 4563 unusquisque
427 4510 518 4561 prose
538 4496 667 4549 iacturam
684 4497 749 4564 legis
764 4498 774 4528 ¹
788 4499 926 4568 susciptn.

173 4554 199 4614 3.
222 4560 254 4614 ln
270 4561 336 4616 libro
356 4564 371 4615 7
388 4566 530 4633 tripertitae
546 4565 669 4619 irittoriue
691 4568 804 4636 capitulo
820 4567 861 4622 ltb.
877 4570 927 4637 lgi-

138 4637 183 4685 tur
206 4629 407 4686 Valentinianus
432 4649 491 4686 curn
515 4635 551 4687 ita
574 4644 695 4704 saperet,
722 4638 791 4690 sieut
818 4638 927 4694 Nicarni

75 4706 79 4715 ’
138 4701 149 4732 ¹
165 4708 266 4770 patres,
280 4701 376 4755 similia
400 4703 587 4770 profitentibus
603 4705 744 4774 proderat,
769 4706 848 4760 aliter
862 4723 927 4763 tero

137 4772 304 4842 sapientibus
317 4787 370 4826 non
382 4782 440 4826 erat
452 4776 618 4839 inportunus.
632 4774 680 4839 Qui
692 4775 754 4829 dum
767 4776 841 4829 initio
854 4777 927 4844 regui

139 4841 174 4896 de
187 4844 253 4897 urbe
273 4841 570 4911 borretuatinopolrtana
585 4858 633 4912 per
650 4842 779 4899 Thracias
795 4847 815 4876 ¹⁰
831 4863 927 4918 prope-

138 4921 211 4967 raret
224 4911 257 4966 ad
272 4910 394 4975 heatae,
410 4920 473 4966 tune
487 4912 606 4982 episcopi
620 4923 692 4967 recte
706 4914 840 4981 sapienes
854 4917 927 4985 lega·

139 4988 194 5037 tum
217 4983 348 5036 rrrisernnt
374 4981 584 5052 llirpaneianurn
610 4985 777 5051 episcopua,
799 4988 927 5052 quatinus

139 5051 294 5120 dignaretur
316 5053 348 5106 ad
363 5054 578 5107 emendationem
593 5050 727 5122 dogmatis
747 5055 824 5108 interr
833 5072 885 5110 sse.
901 5056 926 5110 ls

139 5134 199 5175 curn
214 5123 313 5176 adisset
324 5122 512 5191 imperatorem
524 5131 552 5176 et
564 5123 750 5192 episcoporum
764 5126 923 5192 legationem

1009 2751 1034 2806 5.
1056 2752 1098 2806 Ea
1111 2755 1218 2822 epistota
1244 2754 1369 2822 Stephani
1382 2769 1464 2821 papae
1487 2754 1585 2822 scripta
1611 2755 1764 2825 generaliter

973 2822 1089 2878 omnibus
1104 2840 1117 2876 e
1136 2826 1240 2893 incopis.
1255 2824 1386 2892 Quicquid
1402 2824 1556 2876 insacratis
1572 2823 1629 2877 Deo
1645 2829 1725 2879 rehns
1737 2833 1762 2877 rt

972 2895 1105 2961 episcopis
1116 2895 1215 2947 iniuste
1229 2896 1326 2961 agitur,
1341 2910 1389 2960 pro
1406 2892 1550 2959 sacri‘egio
1569 2894 1760 2960 deputabitur;

972 2963 1035 3027 arria
1052 2977 1129 3016 sacra
1151 2973 1224 3026 srrut,
1246 2961 1479 3031 statuminum
1501 2977 1563 3015 uam
1579 2978 1635 3016 non
1655 2964 1761 3018 debent.

972 3031 1066 3086 b'nllus
1081 3032 1151 3086 enirn
1168 3035 1365 3102 episcoporum,
1380 3032 1443 3086 dnrn
1459 3033 1514 3085 suTs
1528 3029 1612 3087 luerit
1627 3032 1709 3087 rebus
1718 3048 1760 3086 ex·

972 3102 1086 3171 pnttanrs
1099 3111 1146 3154 aut
1156 3117 1171 3156 a
1181 3102 1246 3157 sede
1258 3102 1363 3171 propria
1374 3101 1492 3169 qualibet
1504 3103 1653 3157 occasione
1666 3104 1758 3171 pulsus,

972 3172 1030 3226 delu
1042 3181 1051 3223 t
1064 3173 1183 3226 accusari
1197 3181 1270 3226 anta
1283 3187 1325 3238 (pu
1338 3187 1417 3239 quarn
1430 3171 1454 3223 ei
1466 3178 1556 3237 potest
1568 3171 1674 3226 crimen
1685 3172 1759 3236 abiet,

972 3241 1125 3313 priusquam
1152 3242 1322 3308 integerrime
1350 3248 1516 3294 restauretur
1530 3248 1557 3294 et
1578 3243 1683 3303 orurria,
1696 3256 1759 3310 qnae

971 3314 995 3367 ei
1012 3312 1098 3366 ablata
1112 3325 1281 3380 quocumque
1303 3310 1498 3377 contingente
1524 3310 1631 3375 legibus
1647 3313 1758 3365 redinte-

971 3391 1082 3449 grentur
1095 3391 1122 3435 et
1152 3382 1208 3450 ipse
1224 3379 1349 3449 propriae
1368 3380 1425 3433 sedi
1439 3387 1469 3432 et
1484 3380 1601 3446 pristino
1623 3380 1708 3434 statui
1722 3395 1759 3432 re·

970 3451 1100 3520 gulariter
1132 3451 1268 3511 reddatur,
1297 3449 1333 3501 ita
1353 3457 1383 3502 ut
1409 3462 1503 3501 ornnes
1530 3452 1716 3517 possessiones
1734 3456 1758 3501 et

971 3529 1067 3579 cuneta
1094 3521 1144 3574 sibi
1170 3521 1269 3575 initrste
1293 3520 1397 3571 sublata
1422 3527 1504 3585 atque
1540 3519 1646 3574 tructus
1673 3533 1757 3573 ornnes

972 3606 1006 3644 an
1020 3599 1168 3658 ecoeptanr
1184 3587 1385 3645 accusationem
1398 3588 1527 3656 primates
1538 3597 1567 3641 et
1576 3588 1756 3658 synodusepi·

971 3676 1064 3727 scopo,
1080 3660 1180 3728 dequo
1201 3660 1289 3728 agitur
1315 3658 1349 3723 ¹¹,
1373 3656 1494 3711 lunditns
1510 3659 1676 3724 restituant;
1701 3659 1755 3737 qnia

971 3730 1024 3785 boc
1037 3746 1089 3785 nnn
1106 3730 1193 3784 solum
1212 3727 1421 3791 ecclesiasticae,
1437 3725 1486 3779 sed
1509 3727 1592 3781 etiam
1614 3727 1714 3782 saecult
1726 3727 1756 3780 le

971 3813 1016 3869 ges
1032 3800 1087 3853 lieri
1101 3799 1209 3854 ducent.

1010 3870 1036 3923 b.
1056 3870 1212 3938 Arrprretinas
1239 3868 1274 3921 ad
1297 3865 1459 3937 Bonifatium
1474 3866 1506 3919 de
1533 3869 1668 3935 lapsorum
1693 3863 1757 3920 reut·
1796 3885 1811 3910 a

980 3941 1087 3994 tutione.
1105 3937 1138 3992 ttr
1150 3939 1221 3993 euim
1234 3939 1443 3992 constitueretur
1458 3936 1483 3989 in
1498 3937 1613 3990 ecclesia
1624 3978 1631 4001 ,
1644 3937 1756 4003 respuite

979 4025 1058 4077 qutun
1077 4017 1134 4074 pust
1146 4007 1385 4061 attenuet-nnius
1399 4006 1591 4074 poenitentiam
1607 4006 1756 4061 clericatum

977 4078 1093 4148 accipiat
1108 4080 1149 4131 rel
1172 4078 1205 4131 nd
1227 4077 1382 4130 clericatum
1404 4075 1497 4129 redeat
1515 4076 1558 4130 vei
1581 4075 1611 4129 in
1636 4076 1756 4131 clericatu

979 4159 1106 4210 nraueat,
1122 4164 1173 4199 nou
1189 4146 1376 4212 desperatione
1396 4145 1589 4212 indulgentiae,
1616 4146 1663 4199 seat
1679 4149 1757 4211 rigore

978 4217 1076 4271 iactant
1100 4227 1141 4271 est
1154 4218 1308 4283 disciplinae
1321 4233 1327 4267 ε
1341 4215 1457 4283 alioquin
1476 4223 1570 4270 cunita
1586 4221 1680 4269 c'ates
1690 4214 1757 4267 datas

951 4287 953 4291 ’
978 4287 1107 4341 eeclesiae
1123 4287 1318 4355 di-putahitur,
1334 4284 1368 4338 de
1382 4286 1479 4353 qrribus
1492 4283 1595 4338 dictum
1610 4292 1654 4342 est
1670 4300 1676 4334 :
1693 4282 1759 4348 Quae

977 4357 1104 4412 toleeridt
1127 4358 1154 4410 in
1176 4366 1262 4419 terra,
1276 4355 1361 4409 solata
1375 4363 1449 4407 erant
1463 4364 1487 4406 et
1507 4354 1535 4406 in
1556 4355 1640 4408 coeio.
1665 4355 1714 4407 Sed
1728 4366 1758 4405 nn

978 4427 1090 4480 forsitan
1118 4427 1198 4479 etiarn
1213 4424 1247 4479 de
1274 4425 1387 4479 cacteris
1402 4423 1467 4477 erirn
1480 4423 1559 4477 uibus
1583 4438 1634 4492 spe
1655 4421 1757 4476 horroris

979 4496 1156 4552 ecclesiastici
1185 4498 1289 4548 artimus
1312 4494 1492 4547 intumescens
1526 4494 1647 4562 superbe
1674 4495 1757 4554 areret

979 4565 1184 4636 poenitentiam.
1199 4562 1369 4620 severissime
1381 4561 1491 4629 placuit,
1506 4571 1537 4614 ut
1552 4572 1616 4630 post
1629 4576 1715 4616 acram
1727 4557 1758 4611 de

979 4635 1092 4692 crirniue
1107 4633 1251 4688 damnabili
1266 4632 1458 4702 poenitentiam
1473 4645 1553 4685 nemo
1578 4632 1616 4685 sit
1635 4631 1757 4705 clericum

979 4715 1008 4761 ut
1016 4704 1204 4771 desperatione
1218 4699 1670 4771 temperatisaltitudinisuredicina
1681 4709 1759 4751 errator

978 4785 1006 4831 et
1022 4776 1110 4828 verior
1131 4789 1190 4828 esse
1206 4773 1351 4826 humilitas.
1369 4768 1433 4824 Natu
1448 4778 1476 4823 et
1500 4781 1613 4824 sanctus
1637 4766 1716 4822 liarid
1728 4764 1760 4819 de

978 4843 1133 4901 criminibus
1151 4842 1296 4898 mortiferis
1308 4841 1362 4909 egit
1376 4837 1580 4906 poenitentiam,
1592 4850 1622 4893 et
1637 4835 1759 4891 utriculo

979 4914 1082 4969 honore
1094 4912 1259 4981 superstitit;
1274 4919 1301 4966 et
1314 4915 1419 4963 beatum
1436 4908 1553 4972 Petrum,
1566 4908 1679 4976 quarrdo
1693 4919 1760 4960 arua·

978 4985 1097 5040 rissirnas
1111 4983 1242 5054 lacrimas
1258 4981 1338 5042 ludit,
1354 4982 1446 5046 ntique
1462 4979 1546 5032 l¹eunt
1568 4993 1685 5045 negasse
1702 4989 1760 5045 poe·

978 5055 1070 5121 nituit,
1095 5062 1122 5106 et
1135 5061 1222 5107 tarrren
1238 5050 1376 5121 apostolus
1386 5052 1493 5103 mansit.
1515 5047 1566 5101 Sed
1582 5065 1639 5102 noo
1653 5051 1758 5121 ideo-stt-

979 5138 1112 5194 perttacua
1136 5123 1253 5192 putanda
1267 5129 1308 5175 est
1335 5128 1503 5189 posterorum
1532 5119 1690 5186 diligentia.
1704 5125 1759 5180 truta

139 5193 299 5257 inttrnasset,
313 5193 478 5262 respondens
493 5194 640 5261 imperator
653 5196 690 5247 ait
707 5212 712 5245 z
729 5195 790 5248 hlihi
806 5195 923 5262 quide-tn,
982 5194 1026 5248 uhi
1037 5192 1117 5247 saluti
1132 5192 1198 5247 nihil
1212 5191 1413 5251 detrahebatur,
1437 5188 1582 5267 lrurnililati
1608 5187 1707 5267 aliqpirl
1719 5183 1760 5234 ad·

139 5272 201 5319 oum
227 5278 294 5323 unus
310 5263 329 5292 ¹¹
346 5267 380 5317 de
408 5263 509 5332 populo
531 5263 592 5330 sim,
607 5262 646 5317 ias
664 5279 716 5318 non
739 5274 780 5319 cst
795 5267 856 5318 talia
870 5280 928 5335 per·
942 5237 967 5298 υ
980 5266 1105 5319 diderunt
1116 5306 1123 5331 ,
1136 5278 1190 5333 quo
1205 5262 1278 5317 salus
1294 5261 1376 5319 tutius
1391 5270 1552 5323 muniretur,
1564 5269 1673 5328 experti
1686 5252 1760 5310 eredo
1779 5307 1784 5320 ,

752 5375 942 5431 ιἈΙιΙΑΝΤΕΒ
962 5373 1157 5430 tentiones.

178 5469 185 5499 ¹
207 5468 284 5522 tituto
299 5467 405 5522 latronis
420 5469 475 5522 G>
492 5468 501 5498 ¹
521 5484 547 5522 c.
568 5485 593 5521 n.
611 5469 701 5522 derant
715 5485 741 5521 m
755 5458 935 5538 tepethtatp„
952 5469 1022 5536 [onte
1045 5465 1118 5517 huius
1133 5480 1191 5533 cap.
1231 5462 1241 5492 ¹
1260 5469 1364 5514 sertum
1388 5458 1416 5511 t.
1440 5456 1535 5528 Wisip.
1575 5457 1623 5511 ¹r.
1648 5475 1673 5510 r.
1691 5473 1714 5511 c.
1736 5473 1759 5508 ι.

142 5536 284 5594 nonhabet
309 5537 457 5608 ierWitip.
513 5538 561 5592 ¹c.
579 5555 605 5593 r.
623 5541 712 5591 desunt
731 5540 758 5591 in
774 5547 791 5590 t.
816 5536 908 5607 Wieip.
958 5537 1019 5589 ¹eie
1044 5528 1395 5611 boi.etLeeWitip.;LX
1413 5529 1446 5585 (ι’.
1473 5531 1559 5611 ‘'nsta
1582 5527 1643 5582 Boi.
1666 5525 1762 5608 ειμι·

144 5608 238 5676 il'itip.
265 5607 334 5660 deest
360 5606 392 5660 G.
437 5609 485 5672 ¹³1.
512 5608 652 5662 huinsBoi
671 5619 696 5660 et
717 5609 748 5661 t.
773 5607 865 5677 tt'tsip.
918 5605 1054 5660 ¹niclreni
1076 5602 1109 5657 G.
1157 5607 1177 5633 ¹¹
1201 5611 1299 5671 tregias
1324 5600 1356 5654 G.
1392 5600 1412 5629 ¹¹
1444 5614 1571 5655 mtnuuus
1594 5598 1760 5676 Coibertrnar.

144 5677 165 5710 ¹¹
184 5679 211 5729 in
240 5677 527 5746 rnurptneautaatr'rd..
552 5681 637 5733 onririt
662 5678 719 5734 Bul.
760 5675 987 5754 ¹¹aceipereBal.
1027 5673 1231 5743 ¹¹excarplah'⁸
1272 5672 1293 5703 ¹¹
1313 5687 1338 5724 a.
1356 5678 1488 5741 perpet
1505 5669 1603 5741 synodi
1626 5679 1761 5738 episscopus

144 5744 261 5815 [unditus
273 5746 316 5814 (de
326 5761 352 5815 q⁸
374 5761 398 5801 a.
415 5748 587 5816 decandidat.
1429 5761 1433 5766 '
