<?xml version="1.0" encoding="UTF-8"?>
<!DOCTYPE html PUBLIC "-//W3C//DTD XHTML 1.0 Transitional//EN"
    "http://www.w3.org/TR/xhtml1/DTD/xhtml1-transitional.dtd">
<html xmlns="http://www.w3.org/1999/xhtml" xml:lang="en" lang="en">
 <head>
  <title>
</title>
<meta http-equiv="Content-Type" content="text/html;charset=utf-8" />
  <meta name='ocr-system' content='tesseract 3.04.00' />
  <meta name='ocr-capabilities' content='ocr_page ocr_carea ocr_par ocr_line ocrx_word'/>
</head>
<body>
  <div class='ocr_page' id='page_1' title='image "./patrologiaecurs84unkngoog/patrologiaecurs84unkngoog_0285.png"; bbox 0 0 3826 6112; ppageno 0'>
   <div class='ocr_carea' id='block_1_1' title="bbox 181 193 234 255">
    <p class='ocr_par' dir='ltr' id='par_1_1' title="bbox 181 193 234 255">
     <span class='ocr_line' id='line_1_1' title="bbox 181 193 234 255; baseline 0.038 -9"><span class='ocrx_word' id='word_1_1' title='bbox 181 193 234 255; x_wconf 75' lang='lat'>555</span> 
     </span>
    </p>
   </div>
   <div class='ocr_carea' id='block_1_2' title="bbox 576 175 1393 240">
    <p class='ocr_par' dir='ltr' id='par_1_2' title="bbox 576 175 1393 240">
     <span class='ocr_line' id='line_1_2' title="bbox 576 175 1393 240; baseline -0.011 0"><span class='ocrx_word' id='word_1_2' title='bbox 576 184 606 240; x_wconf 80' lang='lat' dir='ltr'>n</span> <span class='ocrx_word' id='word_1_3' title='bbox 625 182 750 240; x_wconf 69' lang='lat' dir='ltr'>cinola</span> <span class='ocrx_word' id='word_1_4' title='bbox 769 178 876 236; x_wconf 66' lang='lat' dir='ltr'>tracti</span> <span class='ocrx_word' id='word_1_5' title='bbox 895 178 969 235; x_wconf 83' lang='lat' dir='ltr'>OPP.</span> <span class='ocrx_word' id='word_1_6' title='bbox 989 175 1079 233; x_wconf 68' lang='lat' dir='ltr'>PARS</span> <span class='ocrx_word' id='word_1_7' title='bbox 1096 177 1117 232; x_wconf 92' lang='lat' dir='ltr'>l.</span> <span class='ocrx_word' id='word_1_8' title='bbox 1139 177 1258 235; x_wconf 73' lang='lat' dir='ltr'>secuto</span> <span class='ocrx_word' id='word_1_9' title='bbox 1277 177 1393 233; x_wconf 82' lang='lat' dir='ltr'>Putttt.</span> 
     </span>
    </p>
   </div>
   <div class='ocr_carea' id='block_1_3' title="bbox 1763 177 1814 233">
    <p class='ocr_par' dir='ltr' id='par_1_3' title="bbox 1763 177 1814 233">
     <span class='ocr_line' id='line_1_3' title="bbox 1763 177 1814 233; baseline 0.039 -2"><span class='ocrx_word' id='word_1_10' title='bbox 1763 177 1814 233; x_wconf 71' lang='lat' dir='ltr'>att</span> 
     </span>
    </p>
   </div>
   <div class='ocr_carea' id='block_1_4' title="bbox 183 287 1815 361">
    <p class='ocr_par' dir='ltr' id='par_1_4' title="bbox 183 287 1815 361">
     <span class='ocr_line' id='line_1_4' title="bbox 183 287 1815 361; baseline -0.004 -11"><span class='ocrx_word' id='word_1_11' title='bbox 183 298 286 354; x_wconf 82' lang='lat' dir='ltr'>iaciunt</span> <span class='ocrx_word' id='word_1_12' title='bbox 298 296 317 361; x_wconf 89' lang='lat'>⁸,</span> <span class='ocrx_word' id='word_1_13' title='bbox 340 310 394 351; x_wconf 93' lang='lat' dir='ltr'>non</span> <span class='ocrx_word' id='word_1_14' title='bbox 417 294 485 349; x_wconf 85' lang='lat' dir='ltr'>bene</span> <span class='ocrx_word' id='word_1_15' title='bbox 507 291 661 346; x_wconf 90' lang='lat' dir='ltr'>custodiunt</span> <span class='ocrx_word' id='word_1_16' title='bbox 688 291 776 352; x_wconf 75' lang='lat' dir='ltr'>bilem,</span> <span class='ocrx_word' id='word_1_17' title='bbox 800 304 881 358; x_wconf 90' lang='lat' dir='ltr'>quam</span> <span class='ocrx_word' id='word_1_18' title='bbox 895 288 973 343; x_wconf 91' lang='lat' dir='ltr'>nobis</span> <span class='ocrx_word' id='word_1_19' title='bbox 988 291 1011 350; x_wconf 80' lang='grc' dir='ltr'><strong>Α</strong></span> <span class='ocrx_word' id='word_1_20' title='bbox 1025 295 1055 342; x_wconf 91' lang='lat' dir='ltr'>ut</span> <span class='ocrx_word' id='word_1_21' title='bbox 1068 288 1161 343; x_wconf 91' lang='lat' dir='ltr'>reddat</span> <span class='ocrx_word' id='word_1_22' title='bbox 1171 288 1196 341; x_wconf 91' lang='lat' dir='ltr'>ei</span> <span class='ocrx_word' id='word_1_23' title='bbox 1210 304 1294 343; x_wconf 91' lang='lat' dir='ltr'>reum.</span> <span class='ocrx_word' id='word_1_24' title='bbox 1308 287 1336 343; x_wconf 88' lang='lat' dir='ltr'>Si</span> <span class='ocrx_word' id='word_1_25' title='bbox 1348 287 1392 343; x_wconf 90' lang='lat' dir='ltr'>ille</span> <span class='ocrx_word' id='word_1_26' title='bbox 1403 287 1425 318; x_wconf 84' lang='lat'>¹⁸</span> <span class='ocrx_word' id='word_1_27' title='bbox 1437 287 1632 344; x_wconf 77' lang='lat' dir='ltr'>contradixerit</span> <span class='ocrx_word' id='word_1_28' title='bbox 1646 295 1745 343; x_wconf 88' lang='lat' dir='ltr'>etcum</span> <span class='ocrx_word' id='word_1_29' title='bbox 1757 291 1815 344; x_wconf 89' lang='lat' dir='ltr'>red-</span> 
     </span>
    </p>
   </div>
   <div class='ocr_carea' id='block_1_5' title="bbox 182 380 971 632">
    <p class='ocr_par' dir='ltr' id='par_1_5' title="bbox 182 380 971 632">
     <span class='ocr_line' id='line_1_5' title="bbox 182 380 971 460; baseline -0.016 -14"><span class='ocrx_word' id='word_1_30' title='bbox 182 390 344 460; x_wconf 87' lang='lat' dir='ltr'>promissam</span> <span class='ocrx_word' id='word_1_31' title='bbox 358 388 466 442; x_wconf 79' lang='lat' dir='ltr'>liabent.</span> <span class='ocrx_word' id='word_1_32' title='bbox 483 385 516 438; x_wconf 82' lang='lat' dir='ltr'>Et</span> <span class='ocrx_word' id='word_1_33' title='bbox 529 399 562 437; x_wconf 92' lang='lat' dir='ltr'>nc</span> <span class='ocrx_word' id='word_1_34' title='bbox 577 383 644 438; x_wconf 86' lang='lat' dir='ltr'>sorte</span> <span class='ocrx_word' id='word_1_35' title='bbox 658 383 684 435; x_wconf 92' lang='lat' dir='ltr'>in</span> <span class='ocrx_word' id='word_1_36' title='bbox 700 381 789 450; x_wconf 84' lang='lat' dir='ltr'>aliqua</span> <span class='ocrx_word' id='word_1_37' title='bbox 813 380 971 436; x_wconf 82' lang='lat' dir='ltr'>infidelitate</span> 
     </span>
     <span class='ocr_line' id='line_1_6' title="bbox 183 466 970 545; baseline -0.014 -10"><span class='ocrx_word' id='word_1_38' title='bbox 183 480 355 535; x_wconf 80' lang='lat' dir='ltr'>inveniantur</span> <span class='ocrx_word' id='word_1_39' title='bbox 372 478 399 543; x_wconf 91' lang='lat'>⁸;</span> <span class='ocrx_word' id='word_1_40' title='bbox 416 477 478 545; x_wconf 90' lang='lat' dir='ltr'>quia</span> <span class='ocrx_word' id='word_1_41' title='bbox 492 475 536 544; x_wconf 91' lang='lat' dir='ltr'>qui</span> <span class='ocrx_word' id='word_1_42' title='bbox 549 471 723 536; x_wconf 84' lang='lat' dir='ltr'>boclneiunt,</span> <span class='ocrx_word' id='word_1_43' title='bbox 738 466 787 542; x_wconf 83' lang='lat' dir='ltr'>pei</span> <span class='ocrx_word' id='word_1_44' title='bbox 807 487 902 527; x_wconf 88' lang='lat' dir='ltr'>eorum</span> <span class='ocrx_word' id='word_1_45' title='bbox 924 486 970 525; x_wconf 81' lang='lat' dir='ltr'>ro</span> 
     </span>
     <span class='ocr_line' id='line_1_7' title="bbox 183 563 969 632; baseline -0.015 -7"><span class='ocrx_word' id='word_1_46' title='bbox 183 569 357 627; x_wconf 85' lang='lat' dir='ltr'>luntatemad</span> <span class='ocrx_word' id='word_1_47' title='bbox 371 582 452 621; x_wconf 90' lang='lat' dir='ltr'>aures</span> <span class='ocrx_word' id='word_1_48' title='bbox 466 573 572 620; x_wconf 79' lang='lat' dir='ltr'>nostras</span> <span class='ocrx_word' id='word_1_49' title='bbox 594 564 657 617; x_wconf 86' lang='lat' dir='ltr'>tutia</span> <span class='ocrx_word' id='word_1_50' title='bbox 676 578 759 632; x_wconf 84' lang='lat' dir='ltr'>opera</span> <span class='ocrx_word' id='word_1_51' title='bbox 783 563 891 617; x_wconf 89' lang='lat' dir='ltr'>illorum</span> <span class='ocrx_word' id='word_1_52' title='bbox 915 575 969 615; x_wconf 88' lang='lat' dir='ltr'>uon</span> 
     </span>
    </p>
   </div>
   <div class='ocr_carea' id='block_1_6' title="bbox 180 662 970 818">
    <p class='ocr_par' dir='ltr' id='par_1_6' title="bbox 180 662 970 818">
     <span class='ocr_line' id='line_1_8' title="bbox 180 662 351 735; baseline -0.041 -17"><span class='ocrx_word' id='word_1_53' title='bbox 180 662 351 735; x_wconf 84' lang='lat' dir='ltr'>perveniunt.</span> 
     </span>
     <span class='ocr_line' id='line_1_9' title="bbox 216 742 970 818; baseline -0.015 -13"><span class='ocrx_word' id='word_1_54' title='bbox 216 751 261 805; x_wconf 75' lang='lat'>21.</span> <span class='ocrx_word' id='word_1_55' title='bbox 273 749 311 803; x_wconf 79' lang='lat' dir='ltr'>ne</span> <span class='ocrx_word' id='word_1_56' title='bbox 323 749 364 802; x_wconf 84' lang='lat' dir='ltr'>dir</span> <span class='ocrx_word' id='word_1_57' title='bbox 376 747 420 818; x_wconf 90' lang='lat' dir='ltr'>qui</span> <span class='ocrx_word' id='word_1_58' title='bbox 432 755 537 817; x_wconf 85' lang='lat' dir='ltr'>propter</span> <span class='ocrx_word' id='word_1_59' title='bbox 552 746 685 816; x_wconf 85' lang='lat' dir='ltr'>proprioru</span> <span class='ocrx_word' id='word_1_60' title='bbox 705 745 833 798; x_wconf 85' lang='lat' dir='ltr'>iustitium</span> <span class='ocrx_word' id='word_1_61' title='bbox 853 742 970 796; x_wconf 83' lang='lat' dir='ltr'>dilatan-</span> 
     </span>
    </p>
   </div>
   <div class='ocr_carea' id='block_1_7' title="bbox 181 830 975 1632">
    <p class='ocr_par' dir='ltr' id='par_1_7' title="bbox 181 830 974 1353">
     <span class='ocr_line' id='line_1_10' title="bbox 181 830 972 912; baseline -0.016 -14"><span class='ocrx_word' id='word_1_62' title='bbox 181 844 243 897; x_wconf 86' lang='lat' dir='ltr'>dum</span> <span class='ocrx_word' id='word_1_63' title='bbox 257 842 267 873; x_wconf 82' lang='lat'>⁸</span> <span class='ocrx_word' id='word_1_64' title='bbox 279 842 405 912; x_wconf 74' lang='lat' dir='ltr'>[reperitur</span> <span class='ocrx_word' id='word_1_65' title='bbox 420 837 440 891; x_wconf 87' lang='lat'>⁸.</span> <span class='ocrx_word' id='word_1_66' title='bbox 454 837 523 891; x_wconf 87' lang='lat' dir='ltr'>Sunt</span> <span class='ocrx_word' id='word_1_67' title='bbox 533 845 560 892; x_wconf 89' lang='lat' dir='ltr'>ct</span> <span class='ocrx_word' id='word_1_68' title='bbox 573 836 635 901; x_wconf 89' lang='lat' dir='ltr'>alii,</span> <span class='ocrx_word' id='word_1_69' title='bbox 655 836 700 905; x_wconf 89' lang='lat' dir='ltr'>qui</span> <span class='ocrx_word' id='word_1_70' title='bbox 726 835 856 889; x_wconf 84' lang='lat' dir='ltr'>iustitiam</span> <span class='ocrx_word' id='word_1_71' title='bbox 867 830 972 903; x_wconf 77' lang='lat' dir='ltr'>legibus</span> 
     </span>
     <span class='ocr_line' id='line_1_11' title="bbox 182 923 973 1002; baseline -0.014 -13"><span class='ocrx_word' id='word_1_72' title='bbox 182 932 301 1002; x_wconf 79' lang='lat' dir='ltr'>recipere</span> <span class='ocrx_word' id='word_1_73' title='bbox 312 931 418 993; x_wconf 91' lang='lat' dir='ltr'>debent,</span> <span class='ocrx_word' id='word_1_74' title='bbox 435 937 462 983; x_wconf 90' lang='lat' dir='ltr'>et</span> <span class='ocrx_word' id='word_1_75' title='bbox 475 929 501 982; x_wconf 94' lang='lat' dir='ltr'>in</span> <span class='ocrx_word' id='word_1_76' title='bbox 514 936 617 982; x_wconf 90' lang='lat' dir='ltr'>tantum</span> <span class='ocrx_word' id='word_1_77' title='bbox 630 928 696 981; x_wconf 81' lang='lat' dir='ltr'>dtrnt</span> <span class='ocrx_word' id='word_1_78' title='bbox 712 926 738 980; x_wconf 93' lang='lat' dir='ltr'>in</span> <span class='ocrx_word' id='word_1_79' title='bbox 753 925 913 996; x_wconf 91' lang='lat' dir='ltr'>quibusdam</span> <span class='ocrx_word' id='word_1_80' title='bbox 933 923 973 978; x_wconf 86' lang='lat' dir='ltr'>lo·</span> 
     </span>
     <span class='ocr_line' id='line_1_12' title="bbox 181 1001 971 1092; baseline -0.015 -13"><span class='ocrx_word' id='word_1_81' title='bbox 181 1025 220 1079; x_wconf 91' lang='lat' dir='ltr'>cis</span> <span class='ocrx_word' id='word_1_82' title='bbox 234 1021 339 1092; x_wconf 79' lang='lat' dir='ltr'>fatigati</span> <span class='ocrx_word' id='word_1_83' title='bbox 357 1021 377 1085; x_wconf 87' lang='lat'>⁸,</span> <span class='ocrx_word' id='word_1_84' title='bbox 397 1020 563 1089; x_wconf 88' lang='lat' dir='ltr'>usquedum</span> <span class='ocrx_word' id='word_1_85' title='bbox 583 1019 690 1073; x_wconf 91' lang='lat' dir='ltr'>illorum</span> <span class='ocrx_word' id='word_1_86' title='bbox 716 1016 847 1071; x_wconf 88' lang='lat' dir='ltr'>iustitiam</span> <span class='ocrx_word' id='word_1_87' title='bbox 864 1030 913 1085; x_wconf 87' lang='lat' dir='ltr'>per</span> <span class='ocrx_word' id='word_1_88' title='bbox 938 1001 971 1068; x_wconf 83' lang='lat' dir='ltr'>d-</span> 
     </span>
     <span class='ocr_line' id='line_1_13' title="bbox 182 1106 973 1177; baseline -0.015 -7"><span class='ocrx_word' id='word_1_89' title='bbox 182 1114 350 1170; x_wconf 86' lang='lat' dir='ltr'>dciussorum</span> <span class='ocrx_word' id='word_1_90' title='bbox 364 1126 459 1165; x_wconf 84' lang='lat' dir='ltr'>marrus</span> <span class='ocrx_word' id='word_1_91' title='bbox 471 1111 587 1174; x_wconf 87' lang='lat' dir='ltr'>tradant,</span> <span class='ocrx_word' id='word_1_92' title='bbox 603 1111 639 1164; x_wconf 90' lang='lat' dir='ltr'>ita</span> <span class='ocrx_word' id='word_1_93' title='bbox 655 1118 684 1163; x_wconf 97' lang='lat' dir='ltr'>ut</span> <span class='ocrx_word' id='word_1_94' title='bbox 695 1108 795 1177; x_wconf 88' lang='lat' dir='ltr'>aliquid</span> <span class='ocrx_word' id='word_1_95' title='bbox 807 1106 848 1161; x_wconf 87' lang='lat' dir='ltr'>vel</span> <span class='ocrx_word' id='word_1_96' title='bbox 859 1121 973 1176; x_wconf 88' lang='lat' dir='ltr'>parrum</span> 
     </span>
     <span class='ocr_line' id='line_1_14' title="bbox 182 1197 974 1277; baseline -0.016 -15"><span class='ocrx_word' id='word_1_97' title='bbox 182 1205 287 1277; x_wconf 89' lang='lat' dir='ltr'>possint</span> <span class='ocrx_word' id='word_1_98' title='bbox 299 1204 408 1266; x_wconf 82' lang='lat' dir='ltr'>babere,</span> <span class='ocrx_word' id='word_1_99' title='bbox 428 1209 455 1255; x_wconf 91' lang='lat' dir='ltr'>et</span> <span class='ocrx_word' id='word_1_100' title='bbox 470 1200 596 1255; x_wconf 80' lang='lat' dir='ltr'>tortiores</span> <span class='ocrx_word' id='word_1_101' title='bbox 610 1199 760 1268; x_wconf 84' lang='lat' dir='ltr'>suscipiunt</span> <span class='ocrx_word' id='word_1_102' title='bbox 770 1197 900 1250; x_wconf 90' lang='lat' dir='ltr'>maiorem</span> <span class='ocrx_word' id='word_1_103' title='bbox 911 1212 974 1265; x_wconf 90' lang='lat' dir='ltr'>por·</span> 
     </span>
     <span class='ocr_line' id='line_1_15' title="bbox 184 1297 295 1353; baseline -0.027 -2"><span class='ocrx_word' id='word_1_104' title='bbox 184 1297 295 1353; x_wconf 88' lang='lat' dir='ltr'>tionem.</span> 
     </span>
    </p>

    <p class='ocr_par' dir='ltr' id='par_1_8' title="bbox 182 1377 975 1632">
     <span class='ocr_line' id='line_1_16' title="bbox 217 1377 975 1454; baseline -0.013 -13"><span class='ocrx_word' id='word_1_105' title='bbox 217 1385 263 1441; x_wconf 73' lang='lat' dir='ltr'>tt.</span> <span class='ocrx_word' id='word_1_106' title='bbox 277 1383 315 1439; x_wconf 84' lang='lat' dir='ltr'>Dc</span> <span class='ocrx_word' id='word_1_107' title='bbox 329 1383 410 1438; x_wconf 81' lang='lat' dir='ltr'>ermis</span> <span class='ocrx_word' id='word_1_108' title='bbox 429 1382 464 1437; x_wconf 84' lang='lat' dir='ltr'>od</span> <span class='ocrx_word' id='word_1_109' title='bbox 476 1381 600 1454; x_wconf 84' lang='lat' dir='ltr'>placitum</span> <span class='ocrx_word' id='word_1_110' title='bbox 614 1397 666 1435; x_wconf 92' lang='lat' dir='ltr'>non</span> <span class='ocrx_word' id='word_1_111' title='bbox 678 1380 823 1451; x_wconf 81' lang='lat' dir='ltr'>portendis.</span> <span class='ocrx_word' id='word_1_112' title='bbox 836 1378 872 1434; x_wconf 90' lang='lat' dir='ltr'>Ut</span> <span class='ocrx_word' id='word_1_113' title='bbox 886 1377 975 1433; x_wconf 90' lang='lat' dir='ltr'>nullus</span> 
     </span>
     <span class='ocr_line' id='line_1_17' title="bbox 183 1467 974 1543; baseline -0.015 -9"><span class='ocrx_word' id='word_1_114' title='bbox 183 1478 218 1535; x_wconf 88' lang='lat' dir='ltr'>ad</span> <span class='ocrx_word' id='word_1_115' title='bbox 233 1477 341 1532; x_wconf 86' lang='lat' dir='ltr'>mallum</span> <span class='ocrx_word' id='word_1_116' title='bbox 355 1475 396 1529; x_wconf 85' lang='lat' dir='ltr'>vel</span> <span class='ocrx_word' id='word_1_117' title='bbox 407 1475 440 1529; x_wconf 90' lang='lat' dir='ltr'>ad</span> <span class='ocrx_word' id='word_1_118' title='bbox 451 1474 579 1543; x_wconf 83' lang='lat' dir='ltr'>placitum</span> <span class='ocrx_word' id='word_1_119' title='bbox 590 1470 658 1526; x_wconf 87' lang='lat' dir='ltr'>inira</span> <span class='ocrx_word' id='word_1_120' title='bbox 672 1471 788 1540; x_wconf 86' lang='lat' dir='ltr'>patriam</span> <span class='ocrx_word' id='word_1_121' title='bbox 805 1485 892 1535; x_wconf 87' lang='lat' dir='ltr'>arma,</span> <span class='ocrx_word' id='word_1_122' title='bbox 914 1469 941 1523; x_wconf 92' lang='lat' dir='ltr'>id</span> <span class='ocrx_word' id='word_1_123' title='bbox 964 1467 974 1498; x_wconf 98' lang='lat'>⁸</span> 
     </span>
     <span class='ocr_line' id='line_1_18' title="bbox 182 1566 634 1632; baseline -0.022 -6"><span class='ocrx_word' id='word_1_124' title='bbox 182 1579 224 1628; x_wconf 86' lang='lat' dir='ltr'>est</span> <span class='ocrx_word' id='word_1_125' title='bbox 235 1578 341 1624; x_wconf 86' lang='lat' dir='ltr'>scutum</span> <span class='ocrx_word' id='word_1_126' title='bbox 354 1575 380 1620; x_wconf 90' lang='lat' dir='ltr'>et</span> <span class='ocrx_word' id='word_1_127' title='bbox 393 1566 523 1629; x_wconf 84' lang='lat' dir='ltr'>lanceam,</span> <span class='ocrx_word' id='word_1_128' title='bbox 537 1571 634 1632; x_wconf 91' lang='lat' dir='ltr'>portet.</span> 
     </span>
    </p>
   </div>
   <div class='ocr_carea' id='block_1_8' title="bbox 1020 379 1824 1628">
    <p class='ocr_par' dir='ltr' id='par_1_9' title="bbox 1020 379 1824 1628">
     <span class='ocr_line' id='line_1_19' title="bbox 1021 379 1817 449; baseline -0.001 -16"><span class='ocrx_word' id='word_1_129' title='bbox 1021 380 1084 434; x_wconf 84' lang='lat' dir='ltr'>dore</span> <span class='ocrx_word' id='word_1_130' title='bbox 1096 381 1220 444; x_wconf 86' lang='lat' dir='ltr'>noluerit,</span> <span class='ocrx_word' id='word_1_131' title='bbox 1234 380 1260 434; x_wconf 95' lang='lat' dir='ltr'>in</span> <span class='ocrx_word' id='word_1_132' title='bbox 1272 380 1359 449; x_wconf 89' lang='lat' dir='ltr'>prima</span> <span class='ocrx_word' id='word_1_133' title='bbox 1370 380 1585 434; x_wconf 67' lang='lat' dir='ltr'>contradictione</span> <span class='ocrx_word' id='word_1_134' title='bbox 1596 379 1689 434; x_wconf 90' lang='lat' dir='ltr'>solidis</span> <span class='ocrx_word' id='word_1_135' title='bbox 1704 379 1817 449; x_wconf 87' lang='lat' dir='ltr'>quinde-</span> 
     </span>
     <span class='ocr_line' id='line_1_20' title="bbox 1021 468 1818 542; baseline 0.001 -19"><span class='ocrx_word' id='word_1_136' title='bbox 1021 471 1073 524; x_wconf 92' lang='lat' dir='ltr'>cim</span> <span class='ocrx_word' id='word_1_137' title='bbox 1086 472 1225 542; x_wconf 91' lang='lat' dir='ltr'>culpabilis</span> <span class='ocrx_word' id='word_1_138' title='bbox 1239 471 1379 524; x_wconf 87' lang='lat' dir='ltr'>iudicetur.</span> <span class='ocrx_word' id='word_1_139' title='bbox 1408 468 1436 524; x_wconf 84' lang='lat' dir='ltr'>Si</span> <span class='ocrx_word' id='word_1_140' title='bbox 1454 470 1487 525; x_wconf 91' lang='lat' dir='ltr'>ad</span> <span class='ocrx_word' id='word_1_141' title='bbox 1510 471 1655 525; x_wconf 90' lang='lat' dir='ltr'>secundam</span> <span class='ocrx_word' id='word_1_142' title='bbox 1666 470 1688 500; x_wconf 86' lang='lat'>⁸⁸</span> <span class='ocrx_word' id='word_1_143' title='bbox 1705 470 1818 540; x_wconf 78' lang='lat' dir='ltr'>inquisi-</span> 
     </span>
     <span class='ocr_line' id='line_1_21' title="bbox 1022 561 1820 633; baseline 0 -17"><span class='ocrx_word' id='word_1_144' title='bbox 1022 562 1121 617; x_wconf 82' lang='lat' dir='ltr'>tionem</span> <span class='ocrx_word' id='word_1_145' title='bbox 1142 564 1235 619; x_wconf 87' lang='lat' dir='ltr'>eum⁸⁸</span> <span class='ocrx_word' id='word_1_146' title='bbox 1250 561 1362 617; x_wconf 89' lang='lat' dir='ltr'>reddere</span> <span class='ocrx_word' id='word_1_147' title='bbox 1375 561 1501 628; x_wconf 86' lang='lat' dir='ltr'>noluerit,</span> <span class='ocrx_word' id='word_1_148' title='bbox 1516 563 1624 633; x_wconf 82' lang='lat' dir='ltr'>triginta</span> <span class='ocrx_word' id='word_1_149' title='bbox 1645 563 1739 618; x_wconf 89' lang='lat' dir='ltr'>solidis</span> <span class='ocrx_word' id='word_1_150' title='bbox 1762 563 1820 617; x_wconf 89' lang='lat' dir='ltr'>cul·</span> 
     </span>
     <span class='ocr_line' id='line_1_22' title="bbox 1020 651 1818 723; baseline 0.006 -21"><span class='ocrx_word' id='word_1_151' title='bbox 1020 652 1118 721; x_wconf 87' lang='lat' dir='ltr'>pabilis</span> <span class='ocrx_word' id='word_1_152' title='bbox 1133 653 1276 708; x_wconf 91' lang='lat' dir='ltr'>iudicetur.</span> <span class='ocrx_word' id='word_1_153' title='bbox 1293 651 1322 706; x_wconf 91' lang='lat' dir='ltr'>Si</span> <span class='ocrx_word' id='word_1_154' title='bbox 1350 667 1401 707; x_wconf 90' lang='lat' dir='ltr'>nec</span> <span class='ocrx_word' id='word_1_155' title='bbox 1423 652 1457 707; x_wconf 91' lang='lat' dir='ltr'>ad</span> <span class='ocrx_word' id='word_1_156' title='bbox 1486 653 1594 707; x_wconf 89' lang='lat' dir='ltr'>tertiam</span> <span class='ocrx_word' id='word_1_157' title='bbox 1615 653 1818 723; x_wconf 86' lang='lat' dir='ltr'>inquisitionem</span> 
     </span>
     <span class='ocr_line' id='line_1_23' title="bbox 1022 743 1817 813; baseline 0.001 -15"><span class='ocrx_word' id='word_1_158' title='bbox 1022 746 1173 801; x_wconf 88' lang='lat' dir='ltr'>consentire</span> <span class='ocrx_word' id='word_1_159' title='bbox 1186 745 1308 808; x_wconf 77' lang='lat' dir='ltr'>voluterit,</span> <span class='ocrx_word' id='word_1_160' title='bbox 1323 745 1452 813; x_wconf 89' lang='lat' dir='ltr'>quicquid</span> <span class='ocrx_word' id='word_1_161' title='bbox 1472 759 1533 799; x_wconf 87' lang='lat' dir='ltr'>reus</span> <span class='ocrx_word' id='word_1_162' title='bbox 1549 744 1639 799; x_wconf 89' lang='lat' dir='ltr'>damni</span> <span class='ocrx_word' id='word_1_163' title='bbox 1665 743 1770 799; x_wconf 81' lang='lat' dir='ltr'>lecerat</span> <span class='ocrx_word' id='word_1_164' title='bbox 1784 746 1817 809; x_wconf 84' lang='lat'>⁸¹,</span> 
     </span>
     <span class='ocr_line' id='line_1_24' title="bbox 1023 833 1821 906; baseline 0 -16"><span class='ocrx_word' id='word_1_165' title='bbox 1023 843 1109 891; x_wconf 90' lang='lat' dir='ltr'>totum</span> <span class='ocrx_word' id='word_1_166' title='bbox 1123 836 1196 891; x_wconf 82' lang='lat' dir='ltr'>ille⁸¹</span> <span class='ocrx_word' id='word_1_167' title='bbox 1211 837 1327 906; x_wconf 87' lang='lat' dir='ltr'>quicum</span> <span class='ocrx_word' id='word_1_168' title='bbox 1342 833 1410 889; x_wconf 83' lang='lat' dir='ltr'>irrina</span> <span class='ocrx_word' id='word_1_169' title='bbox 1419 835 1616 889; x_wconf 86' lang='lat' dir='ltr'>immunitatem</span> <span class='ocrx_word' id='word_1_170' title='bbox 1625 836 1722 890; x_wconf 86' lang='lat' dir='ltr'>rednet</span> <span class='ocrx_word' id='word_1_171' title='bbox 1737 836 1821 890; x_wconf 84' lang='lat' dir='ltr'>⁸⁸nce</span> 
     </span>
     <span class='ocr_line' id='line_1_25' title="bbox 1023 925 1821 996; baseline -0.003 -14"><span class='ocrx_word' id='word_1_172' title='bbox 1023 927 1136 982; x_wconf 86' lang='lat' dir='ltr'>reddere</span> <span class='ocrx_word' id='word_1_173' title='bbox 1146 927 1212 991; x_wconf 76' lang='lat' dir='ltr'>uult,</span> <span class='ocrx_word' id='word_1_174' title='bbox 1230 927 1334 981; x_wconf 76' lang='lat' dir='ltr'>solvere</span> <span class='ocrx_word' id='word_1_175' title='bbox 1350 934 1472 996; x_wconf 73' lang='lat' dir='ltr'>cogatur.</span> <span class='ocrx_word' id='word_1_176' title='bbox 1488 925 1522 980; x_wconf 84' lang='lat' dir='ltr'>Et</span> <span class='ocrx_word' id='word_1_177' title='bbox 1533 926 1590 996; x_wconf 90' lang='lat' dir='ltr'>ipse</span> <span class='ocrx_word' id='word_1_178' title='bbox 1604 941 1696 981; x_wconf 90' lang='lat' dir='ltr'>comes</span> <span class='ocrx_word' id='word_1_179' title='bbox 1708 927 1821 982; x_wconf 75' lang='lat' dir='ltr'>veniens</span> 
     </span>
     <span class='ocr_line' id='line_1_26' title="bbox 1024 1013 1821 1086; baseline 0 -18"><span class='ocrx_word' id='word_1_180' title='bbox 1024 1015 1158 1070; x_wconf 85' lang='lat' dir='ltr'>licentium</span> <span class='ocrx_word' id='word_1_181' title='bbox 1174 1016 1271 1070; x_wconf 86' lang='lat' dir='ltr'>lrabeat</span> <span class='ocrx_word' id='word_1_182' title='bbox 1284 1016 1371 1086; x_wconf 93' lang='lat' dir='ltr'>ipsum</span> <span class='ocrx_word' id='word_1_183' title='bbox 1383 1014 1520 1069; x_wconf 89' lang='lat' dir='ltr'>bominem</span> <span class='ocrx_word' id='word_1_184' title='bbox 1532 1013 1600 1068; x_wconf 87' lang='lat' dir='ltr'>inira</span> <span class='ocrx_word' id='word_1_185' title='bbox 1620 1015 1821 1069; x_wconf 87' lang='lat' dir='ltr'>immunitatem</span> 
     </span>
     <span class='ocr_line' id='line_1_27' title="bbox 1023 1103 1822 1176; baseline -0.001 -16"><span class='ocrx_word' id='word_1_186' title='bbox 1023 1107 1180 1176; x_wconf 90' lang='lat' dir='ltr'>quaerendi,</span> <span class='ocrx_word' id='word_1_187' title='bbox 1206 1107 1366 1174; x_wconf 89' lang='lat' dir='ltr'>ubicumque</span> <span class='ocrx_word' id='word_1_188' title='bbox 1379 1120 1441 1158; x_wconf 91' lang='lat' dir='ltr'>eum</span> <span class='ocrx_word' id='word_1_189' title='bbox 1456 1103 1479 1135; x_wconf 87' lang='lat'>¹⁸</span> <span class='ocrx_word' id='word_1_190' title='bbox 1493 1105 1614 1160; x_wconf 80' lang='lat' dir='ltr'>inuenire</span> <span class='ocrx_word' id='word_1_191' title='bbox 1636 1104 1767 1175; x_wconf 90' lang='lat' dir='ltr'>potuerit.</span> <span class='ocrx_word' id='word_1_192' title='bbox 1791 1103 1822 1159; x_wconf 88' lang='lat' dir='ltr'>Si</span> 
     </span>
     <span class='ocr_line' id='line_1_28' title="bbox 1024 1196 1822 1266; baseline 0 -16"><span class='ocrx_word' id='word_1_193' title='bbox 1024 1206 1114 1252; x_wconf 81' lang='lat' dir='ltr'>erdem</span> <span class='ocrx_word' id='word_1_194' title='bbox 1129 1197 1220 1251; x_wconf 85' lang='lat' dir='ltr'>statim</span> <span class='ocrx_word' id='word_1_195' title='bbox 1230 1197 1253 1227; x_wconf 83' lang='lat'>⁸⁸</span> <span class='ocrx_word' id='word_1_196' title='bbox 1267 1197 1293 1250; x_wconf 90' lang='lat' dir='ltr'>in</span> <span class='ocrx_word' id='word_1_197' title='bbox 1308 1198 1395 1265; x_wconf 87' lang='lat' dir='ltr'>prima</span> <span class='ocrx_word' id='word_1_198' title='bbox 1408 1196 1581 1264; x_wconf 79' lang='lat' dir='ltr'>inquisitione</span> <span class='ocrx_word' id='word_1_199' title='bbox 1601 1197 1692 1252; x_wconf 87' lang='lat' dir='ltr'>comiti</span> <span class='ocrx_word' id='word_1_200' title='bbox 1708 1210 1822 1266; x_wconf 87' lang='lat' dir='ltr'>respon·</span> 
     </span>
     <span class='ocr_line' id='line_1_29' title="bbox 1025 1285 1822 1355; baseline -0.003 -13"><span class='ocrx_word' id='word_1_201' title='bbox 1025 1303 1083 1343; x_wconf 92' lang='lat' dir='ltr'>sum</span> <span class='ocrx_word' id='word_1_202' title='bbox 1103 1286 1183 1341; x_wconf 84' lang='lat' dir='ltr'>luerit</span> <span class='ocrx_word' id='word_1_203' title='bbox 1209 1287 1280 1355; x_wconf 86' lang='lat' dir='ltr'>qnod</span> <span class='ocrx_word' id='word_1_204' title='bbox 1306 1302 1367 1340; x_wconf 87' lang='lat' dir='ltr'>rcus</span> <span class='ocrx_word' id='word_1_205' title='bbox 1394 1285 1463 1340; x_wconf 84' lang='lat' dir='ltr'>inira</span> <span class='ocrx_word' id='word_1_206' title='bbox 1488 1287 1685 1341; x_wconf 88' lang='lat' dir='ltr'>immunitatem</span> <span class='ocrx_word' id='word_1_207' title='bbox 1709 1286 1822 1355; x_wconf 90' lang='lat' dir='ltr'>quidem</span> 
     </span>
     <span class='ocr_line' id='line_1_30' title="bbox 1024 1376 1823 1447; baseline 0 -17"><span class='ocrx_word' id='word_1_208' title='bbox 1024 1377 1129 1441; x_wconf 87' lang='lat' dir='ltr'>luisset,</span> <span class='ocrx_word' id='word_1_209' title='bbox 1144 1377 1191 1432; x_wconf 83' lang='lat' dir='ltr'>scd</span> <span class='ocrx_word' id='word_1_210' title='bbox 1202 1376 1264 1447; x_wconf 80' lang='lat' dir='ltr'>lupa</span> <span class='ocrx_word' id='word_1_211' title='bbox 1280 1376 1371 1445; x_wconf 89' lang='lat' dir='ltr'>lapsus</span> <span class='ocrx_word' id='word_1_212' title='bbox 1393 1377 1438 1440; x_wconf 89' lang='lat' dir='ltr'>sit,</span> <span class='ocrx_word' id='word_1_213' title='bbox 1456 1376 1526 1430; x_wconf 89' lang='lat' dir='ltr'>iuret</span> <span class='ocrx_word' id='word_1_214' title='bbox 1539 1377 1611 1445; x_wconf 92' lang='lat' dir='ltr'>quod</span> <span class='ocrx_word' id='word_1_215' title='bbox 1631 1377 1762 1446; x_wconf 75' lang='lat' dir='ltr'>ipserum</span> <span class='ocrx_word' id='word_1_216' title='bbox 1786 1376 1823 1430; x_wconf 91' lang='lat' dir='ltr'>ad</span> 
     </span>
     <span class='ocr_line' id='line_1_31' title="bbox 1026 1467 1824 1538; baseline -0.006 -13"><span class='ocrx_word' id='word_1_217' title='bbox 1026 1471 1154 1526; x_wconf 89' lang='lat' dir='ltr'>iustitiam</span> <span class='ocrx_word' id='word_1_218' title='bbox 1169 1470 1311 1524; x_wconf 86' lang='lat' dir='ltr'>cuiuslibet</span> <span class='ocrx_word' id='word_1_219' title='bbox 1321 1467 1512 1523; x_wconf 80' lang='lat' dir='ltr'>disfaciendam</span> <span class='ocrx_word' id='word_1_220' title='bbox 1528 1467 1619 1538; x_wconf 80' lang='lat' dir='ltr'>lugere</span> <span class='ocrx_word' id='word_1_221' title='bbox 1633 1484 1686 1523; x_wconf 94' lang='lat' dir='ltr'>non</span> <span class='ocrx_word' id='word_1_222' title='bbox 1700 1467 1824 1534; x_wconf 87' lang='lat' dir='ltr'>iecisset,</span> 
     </span>
     <span class='ocr_line' id='line_1_32' title="bbox 1026 1558 1824 1628; baseline -0.006 -11"><span class='ocrx_word' id='word_1_223' title='bbox 1026 1571 1053 1617; x_wconf 91' lang='lat' dir='ltr'>ct</span> <span class='ocrx_word' id='word_1_224' title='bbox 1064 1563 1099 1618; x_wconf 89' lang='lat' dir='ltr'>sit</span> <span class='ocrx_word' id='word_1_225' title='bbox 1115 1563 1140 1616; x_wconf 90' lang='lat' dir='ltr'>ci</span> <span class='ocrx_word' id='word_1_226' title='bbox 1154 1562 1180 1616; x_wconf 92' lang='lat' dir='ltr'>iu</span> <span class='ocrx_word' id='word_1_227' title='bbox 1197 1563 1248 1616; x_wconf 85' lang='lat' dir='ltr'>lroc</span> <span class='ocrx_word' id='word_1_228' title='bbox 1262 1559 1440 1615; x_wconf 77' lang='lat' dir='ltr'>satisfactum.</span> <span class='ocrx_word' id='word_1_229' title='bbox 1461 1558 1490 1613; x_wconf 90' lang='lat' dir='ltr'>Si</span> <span class='ocrx_word' id='word_1_230' title='bbox 1506 1569 1596 1614; x_wconf 90' lang='lat' dir='ltr'>autem</span> <span class='ocrx_word' id='word_1_231' title='bbox 1613 1560 1725 1614; x_wconf 86' lang='lat' dir='ltr'>intranti</span> <span class='ocrx_word' id='word_1_232' title='bbox 1740 1559 1766 1613; x_wconf 90' lang='lat' dir='ltr'>in</span> <span class='ocrx_word' id='word_1_233' title='bbox 1782 1559 1824 1628; x_wconf 88' lang='lat' dir='ltr'>ip·</span> 
     </span>
    </p>
   </div>
   <div class='ocr_carea' id='block_1_9' title="bbox 218 1620 1824 1723">
    <p class='ocr_par' dir='ltr' id='par_1_10' title="bbox 218 1620 1824 1723">
     <span class='ocr_line' id='line_1_33' title="bbox 218 1620 1824 1723; baseline -0.007 -9"><span class='ocrx_word' id='word_1_234' title='bbox 218 1660 263 1714; x_wconf 72' lang='lat'>23.</span> <span class='ocrx_word' id='word_1_235' title='bbox 278 1658 316 1712; x_wconf 74' lang='lat' dir='ltr'>lte</span> <span class='ocrx_word' id='word_1_236' title='bbox 328 1657 482 1714; x_wconf 74' lang='lat' dir='ltr'>latronibus.</span> <span class='ocrx_word' id='word_1_237' title='bbox 498 1656 536 1709; x_wconf 86' lang='lat' dir='ltr'>De</span> <span class='ocrx_word' id='word_1_238' title='bbox 548 1654 698 1717; x_wconf 82' lang='lat' dir='ltr'>latronibus</span> <span class='ocrx_word' id='word_1_239' title='bbox 708 1651 899 1723; x_wconf 87' lang='lat' dir='ltr'>praecipimus,</span> <span class='ocrx_word' id='word_1_240' title='bbox 914 1620 1012 1720; x_wconf 81' lang='lat' dir='ltr'>qui·B</span> <span class='ocrx_word' id='word_1_241' title='bbox 1027 1669 1085 1710; x_wconf 92' lang='lat' dir='ltr'>sam</span> <span class='ocrx_word' id='word_1_242' title='bbox 1100 1654 1295 1708; x_wconf 87' lang='lat' dir='ltr'>immunitatem</span> <span class='ocrx_word' id='word_1_243' title='bbox 1304 1650 1397 1706; x_wconf 90' lang='lat' dir='ltr'>comiti</span> <span class='ocrx_word' id='word_1_244' title='bbox 1412 1649 1524 1704; x_wconf 85' lang='lat' dir='ltr'>collecta</span> <span class='ocrx_word' id='word_1_245' title='bbox 1536 1665 1615 1703; x_wconf 89' lang='lat' dir='ltr'>manu</span> <span class='ocrx_word' id='word_1_246' title='bbox 1628 1648 1757 1718; x_wconf 82' lang='lat' dir='ltr'>quislibet</span> <span class='ocrx_word' id='word_1_247' title='bbox 1778 1664 1824 1703; x_wconf 82' lang='lat' dir='ltr'>re·</span> 
     </span>
    </p>
   </div>
   <div class='ocr_carea' id='block_1_10' title="bbox 182 1735 1826 2551">
    <p class='ocr_par' dir='ltr' id='par_1_11' title="bbox 182 1735 1826 2276">
     <span class='ocr_line' id='line_1_34' title="bbox 183 1735 1825 1819; baseline -0.007 -15"><span class='ocrx_word' id='word_1_248' title='bbox 183 1761 298 1819; x_wconf 87' lang='lat' dir='ltr'>cumque</span> <span class='ocrx_word' id='word_1_249' title='bbox 309 1735 370 1816; x_wconf 87' lang='lat' dir='ltr'>post</span> <span class='ocrx_word' id='word_1_250' title='bbox 383 1747 493 1800; x_wconf 87' lang='lat' dir='ltr'>missam</span> <span class='ocrx_word' id='word_1_251' title='bbox 517 1745 604 1798; x_wconf 87' lang='lat' dir='ltr'>saneti</span> <span class='ocrx_word' id='word_1_252' title='bbox 627 1739 753 1799; x_wconf 82' lang='lat' dir='ltr'>Iohannis</span> <span class='ocrx_word' id='word_1_253' title='bbox 775 1741 875 1796; x_wconf 83' lang='lat' dir='ltr'>latroni</span> <span class='ocrx_word' id='word_1_254' title='bbox 901 1755 977 1796; x_wconf 89' lang='lat' dir='ltr'>man·</span> <span class='ocrx_word' id='word_1_255' title='bbox 1025 1747 1122 1803; x_wconf 73' lang='lat' dir='ltr'>sistere</span> <span class='ocrx_word' id='word_1_256' title='bbox 1137 1744 1315 1816; x_wconf 74' lang='lat' dir='ltr'>temptas-erit,</span> <span class='ocrx_word' id='word_1_257' title='bbox 1342 1757 1432 1797; x_wconf 86' lang='lat' dir='ltr'>comes</span> <span class='ocrx_word' id='word_1_258' title='bbox 1446 1741 1498 1795; x_wconf 89' lang='lat' dir='ltr'>boc</span> <span class='ocrx_word' id='word_1_259' title='bbox 1522 1741 1556 1796; x_wconf 87' lang='lat' dir='ltr'>ad</span> <span class='ocrx_word' id='word_1_260' title='bbox 1575 1756 1665 1810; x_wconf 76' lang='lat' dir='ltr'>regem</span> <span class='ocrx_word' id='word_1_261' title='bbox 1682 1740 1725 1794; x_wconf 84' lang='lat' dir='ltr'>rel</span> <span class='ocrx_word' id='word_1_262' title='bbox 1745 1739 1768 1770; x_wconf 84' lang='lat'>⁸⁸</span> <span class='ocrx_word' id='word_1_263' title='bbox 1788 1739 1825 1795; x_wconf 81' lang='lat' dir='ltr'>ad</span> 
     </span>
     <span class='ocr_line' id='line_1_35' title="bbox 183 1831 1825 1913; baseline -0.008 -15"><span class='ocrx_word' id='word_1_264' title='bbox 183 1843 287 1898; x_wconf 85' lang='lat' dir='ltr'>sionem</span> <span class='ocrx_word' id='word_1_265' title='bbox 302 1840 415 1907; x_wconf 83' lang='lat' dir='ltr'>dederit,</span> <span class='ocrx_word' id='word_1_266' title='bbox 430 1840 453 1894; x_wconf 92' lang='lat' dir='ltr'>si</span> <span class='ocrx_word' id='word_1_267' title='bbox 465 1839 587 1895; x_wconf 86' lang='lat' dir='ltr'>Francus</span> <span class='ocrx_word' id='word_1_268' title='bbox 598 1847 648 1904; x_wconf 93' lang='lat' dir='ltr'>est,</span> <span class='ocrx_word' id='word_1_269' title='bbox 670 1852 732 1895; x_wconf 91' lang='lat' dir='ltr'>cum</span> <span class='ocrx_word' id='word_1_270' title='bbox 745 1838 885 1894; x_wconf 87' lang='lat' dir='ltr'>duodecim</span> <span class='ocrx_word' id='word_1_271' title='bbox 905 1837 977 1892; x_wconf 87' lang='lat' dir='ltr'>simi·</span> <span class='ocrx_word' id='word_1_272' title='bbox 1024 1840 1173 1913; x_wconf 89' lang='lat' dir='ltr'>principem</span> <span class='ocrx_word' id='word_1_273' title='bbox 1185 1836 1298 1902; x_wconf 89' lang='lat' dir='ltr'>delerat,</span> <span class='ocrx_word' id='word_1_274' title='bbox 1317 1836 1408 1905; x_wconf 89' lang='lat' dir='ltr'>ibique</span> <span class='ocrx_word' id='word_1_275' title='bbox 1423 1833 1565 1897; x_wconf 88' lang='lat' dir='ltr'>iudicetur,</span> <span class='ocrx_word' id='word_1_276' title='bbox 1580 1841 1609 1888; x_wconf 95' lang='lat' dir='ltr'>ut</span> <span class='ocrx_word' id='word_1_277' title='bbox 1630 1833 1701 1887; x_wconf 88' lang='lat' dir='ltr'>sicut</span> <span class='ocrx_word' id='word_1_278' title='bbox 1714 1832 1759 1887; x_wconf 90' lang='lat' dir='ltr'>ille</span> <span class='ocrx_word' id='word_1_279' title='bbox 1776 1831 1825 1900; x_wconf 91' lang='lat' dir='ltr'>qui</span> 
     </span>
     <span class='ocr_line' id='line_1_36' title="bbox 183 1922 1825 2001; baseline -0.008 -11"><span class='ocrx_word' id='word_1_280' title='bbox 183 1937 254 1992; x_wconf 90' lang='lat' dir='ltr'>libus</span> <span class='ocrx_word' id='word_1_281' title='bbox 267 1933 380 1988; x_wconf 77' lang='lat' dir='ltr'>Francis</span> <span class='ocrx_word' id='word_1_282' title='bbox 394 1933 473 1999; x_wconf 89' lang='lat' dir='ltr'>iuret,</span> <span class='ocrx_word' id='word_1_283' title='bbox 492 1933 563 2001; x_wconf 92' lang='lat' dir='ltr'>quod</span> <span class='ocrx_word' id='word_1_284' title='bbox 577 1931 635 2000; x_wconf 89' lang='lat' dir='ltr'>ipse</span> <span class='ocrx_word' id='word_1_285' title='bbox 655 1930 788 1985; x_wconf 87' lang='lat' dir='ltr'>latronem</span> <span class='ocrx_word' id='word_1_286' title='bbox 810 1944 873 1985; x_wconf 92' lang='lat' dir='ltr'>eum</span> <span class='ocrx_word' id='word_1_287' title='bbox 893 1927 977 1984; x_wconf 82' lang='lat' dir='ltr'>luisse</span> <span class='ocrx_word' id='word_1_288' title='bbox 1026 1931 1055 1986; x_wconf 92' lang='lat' dir='ltr'>in</span> <span class='ocrx_word' id='word_1_289' title='bbox 1079 1927 1249 1984; x_wconf 87' lang='lat' dir='ltr'>immunitate</span> <span class='ocrx_word' id='word_1_290' title='bbox 1272 1926 1401 1980; x_wconf 91' lang='lat' dir='ltr'>damnum</span> <span class='ocrx_word' id='word_1_291' title='bbox 1418 1922 1491 1988; x_wconf 87' lang='lat' dir='ltr'>lecit,</span> <span class='ocrx_word' id='word_1_292' title='bbox 1517 1932 1663 1978; x_wconf 78' lang='lat' dir='ltr'>sexcentos</span> <span class='ocrx_word' id='word_1_293' title='bbox 1685 1922 1706 1955; x_wconf 80' lang='lat'>⁸⁸</span> <span class='ocrx_word' id='word_1_294' title='bbox 1722 1923 1825 1978; x_wconf 88' lang='lat' dir='ltr'>solidos</span> 
     </span>
     <span class='ocr_line' id='line_1_37' title="bbox 182 2015 1825 2093; baseline -0.007 -12"><span class='ocrx_word' id='word_1_295' title='bbox 182 2039 239 2083; x_wconf 89' lang='lat' dir='ltr'>non</span> <span class='ocrx_word' id='word_1_296' title='bbox 255 2026 351 2082; x_wconf 86' lang='lat' dir='ltr'>scisset</span> <span class='ocrx_word' id='word_1_297' title='bbox 365 2025 388 2090; x_wconf 79' lang='lat'>⁷,</span> <span class='ocrx_word' id='word_1_298' title='bbox 400 2023 463 2078; x_wconf 90' lang='lat' dir='ltr'>licet</span> <span class='ocrx_word' id='word_1_299' title='bbox 482 2031 561 2093; x_wconf 87' lang='lat' dir='ltr'>pater</span> <span class='ocrx_word' id='word_1_300' title='bbox 574 2022 633 2079; x_wconf 90' lang='lat' dir='ltr'>eius</span> <span class='ocrx_word' id='word_1_301' title='bbox 645 2022 681 2077; x_wconf 90' lang='lat' dir='ltr'>sit</span> <span class='ocrx_word' id='word_1_302' title='bbox 694 2031 739 2076; x_wconf 87' lang='lat' dir='ltr'>aut</span> <span class='ocrx_word' id='word_1_303' title='bbox 752 2020 837 2076; x_wconf 84' lang='lat' dir='ltr'>irater</span> <span class='ocrx_word' id='word_1_304' title='bbox 861 2019 902 2076; x_wconf 87' lang='lat' dir='ltr'>rel</span> <span class='ocrx_word' id='word_1_305' title='bbox 918 2033 978 2090; x_wconf 82' lang='lat' dir='ltr'>pro</span> <span class='ocrx_word' id='word_1_306' title='bbox 1026 2033 1188 2091; x_wconf 89' lang='lat' dir='ltr'>componere</span> <span class='ocrx_word' id='word_1_307' title='bbox 1199 2017 1349 2082; x_wconf 88' lang='lat' dir='ltr'>debeat,ita</span> <span class='ocrx_word' id='word_1_308' title='bbox 1356 2026 1386 2071; x_wconf 93' lang='lat' dir='ltr'>ut</span> <span class='ocrx_word' id='word_1_309' title='bbox 1397 2016 1419 2048; x_wconf 82' lang='lat'>¹⁸</span> <span class='ocrx_word' id='word_1_310' title='bbox 1427 2016 1472 2085; x_wconf 91' lang='lat' dir='ltr'>qui</span> <span class='ocrx_word' id='word_1_311' title='bbox 1485 2015 1577 2070; x_wconf 88' lang='lat' dir='ltr'>comiti</span> <span class='ocrx_word' id='word_1_312' title='bbox 1588 2015 1700 2071; x_wconf 80' lang='lat' dir='ltr'>collecta</span> <span class='ocrx_word' id='word_1_313' title='bbox 1710 2015 1733 2046; x_wconf 86' lang='lat'>⁸⁸</span> <span class='ocrx_word' id='word_1_314' title='bbox 1740 2031 1825 2070; x_wconf 88' lang='lat' dir='ltr'>mauu</span> 
     </span>
     <span class='ocr_line' id='line_1_38' title="bbox 183 2102 1826 2189; baseline -0.008 -12"><span class='ocrx_word' id='word_1_315' title='bbox 183 2106 311 2189; x_wconf 88' lang='lat' dir='ltr'>pinquus.</span> <span class='ocrx_word' id='word_1_316' title='bbox 324 2113 353 2170; x_wconf 78' lang='lat' dir='ltr'>Si</span> <span class='ocrx_word' id='word_1_317' title='bbox 364 2102 416 2170; x_wconf 60' lang='lat' dir='ltr'>ltbt</span> <span class='ocrx_word' id='word_1_318' title='bbox 428 2113 519 2168; x_wconf 66' lang='lat' dir='ltr'>iurare</span> <span class='ocrx_word' id='word_1_319' title='bbox 533 2128 586 2167; x_wconf 75' lang='lat' dir='ltr'>110ss</span> <span class='ocrx_word' id='word_1_320' title='bbox 600 2112 728 2183; x_wconf 65' lang='lat' dir='ltr'>poluerit,</span> <span class='ocrx_word' id='word_1_321' title='bbox 744 2119 771 2166; x_wconf 72' lang='lat'>02</span> <span class='ocrx_word' id='word_1_322' title='bbox 792 2112 826 2166; x_wconf 71' lang='lat' dir='ltr'>ab</span> <span class='ocrx_word' id='word_1_323' title='bbox 840 2110 893 2166; x_wconf 69' lang='lat' dir='ltr'>alio</span> <span class='ocrx_word' id='word_1_324' title='bbox 914 2125 978 2166; x_wconf 74' lang='lat' dir='ltr'>con·</span> <span class='ocrx_word' id='word_1_325' title='bbox 1028 2116 1153 2171; x_wconf 87' lang='lat' dir='ltr'>resistere</span> <span class='ocrx_word' id='word_1_326' title='bbox 1174 2112 1394 2186; x_wconf 78' lang='lat' dir='ltr'>praesumpserit,</span> <span class='ocrx_word' id='word_1_327' title='bbox 1411 2111 1545 2167; x_wconf 82' lang='lat' dir='ltr'>sexcentis</span> <span class='ocrx_word' id='word_1_328' title='bbox 1560 2111 1582 2142; x_wconf 85' lang='lat'>⁸⁸</span> <span class='ocrx_word' id='word_1_329' title='bbox 1596 2110 1689 2166; x_wconf 86' lang='lat' dir='ltr'>solidis</span> <span class='ocrx_word' id='word_1_330' title='bbox 1700 2110 1826 2180; x_wconf 89' lang='lat' dir='ltr'>culpabi·</span> 
     </span>
     <span class='ocr_line' id='line_1_39' title="bbox 184 2203 1216 2276; baseline -0.007 -15"><span class='ocrx_word' id='word_1_331' title='bbox 184 2204 371 2272; x_wconf 74' lang='lat' dir='ltr'>rictusiuerit,</span> <span class='ocrx_word' id='word_1_332' title='bbox 387 2204 457 2276; x_wconf 91' lang='lat' dir='ltr'>quod</span> <span class='ocrx_word' id='word_1_333' title='bbox 470 2205 603 2258; x_wconf 89' lang='lat' dir='ltr'>latronem</span> <span class='ocrx_word' id='word_1_334' title='bbox 623 2203 650 2258; x_wconf 93' lang='lat' dir='ltr'>in</span> <span class='ocrx_word' id='word_1_335' title='bbox 666 2203 782 2271; x_wconf 87' lang='lat' dir='ltr'>bospitio</span> <span class='ocrx_word' id='word_1_336' title='bbox 805 2203 976 2272; x_wconf 81' lang='lat' dir='ltr'>suscepisset,</span> <span class='ocrx_word' id='word_1_337' title='bbox 1028 2209 1061 2264; x_wconf 80' lang='lat' dir='ltr'>lis</span> <span class='ocrx_word' id='word_1_338' title='bbox 1074 2210 1216 2265; x_wconf 67' lang='lat' dir='ltr'>iudicetur,</span> 
     </span>
    </p>

    <p class='ocr_par' dir='ltr' id='par_1_12' title="bbox 183 2292 1826 2551">
     <span class='ocr_line' id='line_1_40' title="bbox 184 2292 1826 2372; baseline -0.012 -18"><span class='ocrx_word' id='word_1_339' title='bbox 184 2297 261 2367; x_wconf 89' lang='lat' dir='ltr'>quasi</span> <span class='ocrx_word' id='word_1_340' title='bbox 276 2296 345 2351; x_wconf 90' lang='lat' dir='ltr'>latro</span> <span class='ocrx_word' id='word_1_341' title='bbox 359 2303 386 2349; x_wconf 88' lang='lat' dir='ltr'>et</span> <span class='ocrx_word' id='word_1_342' title='bbox 398 2294 513 2351; x_wconf 80' lang='lat' dir='ltr'>infidelis</span> <span class='ocrx_word' id='word_1_343' title='bbox 535 2294 689 2349; x_wconf 86' lang='lat' dir='ltr'>iudicetur:</span> <span class='ocrx_word' id='word_1_344' title='bbox 705 2294 767 2363; x_wconf 93' lang='lat' dir='ltr'>quia</span> <span class='ocrx_word' id='word_1_345' title='bbox 792 2292 862 2348; x_wconf 88' lang='lat' dir='ltr'>latro</span> <span class='ocrx_word' id='word_1_346' title='bbox 879 2301 921 2348; x_wconf 88' lang='lat' dir='ltr'>est</span> <span class='ocrx_word' id='word_1_347' title='bbox 949 2299 977 2346; x_wconf 91' lang='lat' dir='ltr'>et</span> <span class='ocrx_word' id='word_1_348' title='bbox 1062 2301 1107 2356; x_wconf 71' lang='lat'>27.</span> <span class='ocrx_word' id='word_1_349' title='bbox 1124 2300 1162 2355; x_wconf 78' lang='lat' dir='ltr'>lle</span> <span class='ocrx_word' id='word_1_350' title='bbox 1176 2301 1270 2372; x_wconf 86' lang='lat' dir='ltr'>eo,qni</span> <span class='ocrx_word' id='word_1_351' title='bbox 1285 2298 1421 2355; x_wconf 83' lang='lat' dir='ltr'>inindicio</span> <span class='ocrx_word' id='word_1_352' title='bbox 1433 2297 1528 2350; x_wconf 79' lang='lat' dir='ltr'>iniuste</span> <span class='ocrx_word' id='word_1_353' title='bbox 1542 2293 1728 2357; x_wconf 69' lang='lat' dir='ltr'>continetiam</span> <span class='ocrx_word' id='word_1_354' title='bbox 1743 2294 1826 2349; x_wconf 78' lang='lat' dir='ltr'>ulter-</span> 
     </span>
     <span class='ocr_line' id='line_1_41' title="bbox 185 2384 1825 2463; baseline -0.003 -19"><span class='ocrx_word' id='word_1_355' title='bbox 185 2387 300 2446; x_wconf 87' lang='lat' dir='ltr'>inlnlclis</span> <span class='ocrx_word' id='word_1_356' title='bbox 310 2395 352 2443; x_wconf 89' lang='lat' dir='ltr'>est</span> <span class='ocrx_word' id='word_1_357' title='bbox 366 2387 376 2418; x_wconf 85' lang='lat'>⁸</span> <span class='ocrx_word' id='word_1_358' title='bbox 391 2394 483 2441; x_wconf 90' lang='lat' dir='ltr'>noster</span> <span class='ocrx_word' id='word_1_359' title='bbox 501 2395 529 2441; x_wconf 90' lang='lat' dir='ltr'>et</span> <span class='ocrx_word' id='word_1_360' title='bbox 543 2385 720 2451; x_wconf 88' lang='lat' dir='ltr'>Francorum,</span> <span class='ocrx_word' id='word_1_361' title='bbox 731 2391 758 2439; x_wconf 93' lang='lat' dir='ltr'>et</span> <span class='ocrx_word' id='word_1_362' title='bbox 772 2385 817 2454; x_wconf 92' lang='lat' dir='ltr'>qui</span> <span class='ocrx_word' id='word_1_363' title='bbox 832 2384 907 2438; x_wconf 92' lang='lat' dir='ltr'>illum</span> <span class='ocrx_word' id='word_1_364' title='bbox 920 2398 979 2438; x_wconf 91' lang='lat' dir='ltr'>sus-</span> <span class='ocrx_word' id='word_1_365' title='bbox 1029 2402 1129 2447; x_wconf 59' lang='lat' dir='ltr'>comem</span> <span class='ocrx_word' id='word_1_366' title='bbox 1139 2391 1265 2447; x_wconf 64' lang='lat' dir='ltr'>adiuvare</span> <span class='ocrx_word' id='word_1_367' title='bbox 1274 2388 1487 2463; x_wconf 75' lang='lat' dir='ltr'>praesumpserit.</span> <span class='ocrx_word' id='word_1_368' title='bbox 1503 2385 1533 2441; x_wconf 83' lang='lat' dir='ltr'>Si</span> <span class='ocrx_word' id='word_1_369' title='bbox 1555 2386 1615 2455; x_wconf 90' lang='lat' dir='ltr'>quis</span> <span class='ocrx_word' id='word_1_370' title='bbox 1634 2385 1772 2440; x_wconf 86' lang='lat' dir='ltr'>bominem</span> <span class='ocrx_word' id='word_1_371' title='bbox 1796 2387 1825 2441; x_wconf 89' lang='lat' dir='ltr'>ln</span> 
     </span>
     <span class='ocr_line' id='line_1_42' title="bbox 183 2473 1825 2551; baseline -0.004 -13"><span class='ocrx_word' id='word_1_372' title='bbox 183 2478 265 2551; x_wconf 70' lang='lat' dir='ltr'>ocull.</span> <span class='ocrx_word' id='word_1_373' title='bbox 277 2477 374 2531; x_wconf 69' lang='lat' dir='ltr'>Similis</span> <span class='ocrx_word' id='word_1_374' title='bbox 384 2485 425 2531; x_wconf 69' lang='lat' dir='ltr'>eii</span> <span class='ocrx_word' id='word_1_375' title='bbox 438 2475 485 2530; x_wconf 64' lang='lat'>1¹¹5·</span> <span class='ocrx_word' id='word_1_376' title='bbox 502 2475 554 2530; x_wconf 72' lang='lat' dir='ltr'>’Sl</span> <span class='ocrx_word' id='word_1_377' title='bbox 568 2483 658 2529; x_wconf 59' lang='lat' dir='ltr'>aulem</span> <span class='ocrx_word' id='word_1_378' title='bbox 668 2475 780 2538; x_wconf 63' lang='lat' dir='ltr'>audivit,</span> <span class='ocrx_word' id='word_1_379' title='bbox 791 2475 862 2544; x_wconf 72' lang='lat' dir='ltr'>duod</span> <span class='ocrx_word' id='word_1_380' title='bbox 874 2473 943 2528; x_wconf 70' lang='lat' dir='ltr'>¹³er</span> <span class='ocrx_word' id='word_1_381' title='bbox 957 2474 978 2504; x_wconf 83' lang='lat'>¹⁰</span> <span class='ocrx_word' id='word_1_382' title='bbox 1029 2481 1128 2538; x_wconf 90' lang='lat' dir='ltr'>iudicio</span> <span class='ocrx_word' id='word_1_383' title='bbox 1148 2482 1249 2545; x_wconf 87' lang='lat' dir='ltr'>iniuste</span> <span class='ocrx_word' id='word_1_384' title='bbox 1272 2488 1366 2536; x_wconf 86' lang='lat' dir='ltr'>contra</span> <span class='ocrx_word' id='word_1_385' title='bbox 1397 2478 1480 2532; x_wconf 90' lang='lat' dir='ltr'>alium</span> <span class='ocrx_word' id='word_1_386' title='bbox 1505 2477 1680 2531; x_wconf 86' lang='lat' dir='ltr'>altercantem</span> <span class='ocrx_word' id='word_1_387' title='bbox 1697 2477 1825 2532; x_wconf 87' lang='lat' dir='ltr'>adiuuare</span> 
     </span>
    </p>
   </div>
   <div class='ocr_carea' id='block_1_11' title="bbox 79 2567 1825 2643">
    <p class='ocr_par' dir='ltr' id='par_1_13' title="bbox 79 2567 1825 2643">
     <span class='ocr_line' id='line_1_43' title="bbox 79 2567 1825 2643; baseline -0.002 -20"><span class='ocrx_word' id='word_1_388' title='bbox 79 2603 83 2615; x_wconf 82' lang='lat'>·</span> <span class='ocrx_word' id='word_1_389' title='bbox 184 2568 288 2635; x_wconf 83' lang='lat' dir='ltr'>luisset,</span> <span class='ocrx_word' id='word_1_390' title='bbox 302 2577 330 2624; x_wconf 89' lang='lat' dir='ltr'>et</span> <span class='ocrx_word' id='word_1_391' title='bbox 342 2576 431 2641; x_wconf 71' lang='lat' dir='ltr'>tumen</span> <span class='ocrx_word' id='word_1_392' title='bbox 442 2584 496 2624; x_wconf 90' lang='lat' dir='ltr'>non</span> <span class='ocrx_word' id='word_1_393' title='bbox 510 2568 560 2623; x_wconf 91' lang='lat' dir='ltr'>scit</span> <span class='ocrx_word' id='word_1_394' title='bbox 574 2568 594 2598; x_wconf 90' lang='lat'>¹¹</span> <span class='ocrx_word' id='word_1_395' title='bbox 609 2567 783 2637; x_wconf 82' lang='lat' dir='ltr'>profirmiter,</span> <span class='ocrx_word' id='word_1_396' title='bbox 796 2574 842 2622; x_wconf 92' lang='lat' dir='ltr'>aut</span> <span class='ocrx_word' id='word_1_397' title='bbox 852 2568 923 2622; x_wconf 87' lang='lat' dir='ltr'>iuret</span> <span class='ocrx_word' id='word_1_398' title='bbox 936 2580 979 2620; x_wconf 89' lang='lat' dir='ltr'>so-</span> <span class='ocrx_word' id='word_1_399' title='bbox 1029 2587 1079 2643; x_wconf 77' lang='lat' dir='ltr'>per</span> <span class='ocrx_word' id='word_1_400' title='bbox 1089 2572 1190 2626; x_wconf 79' lang='lat' dir='ltr'>maium</span> <span class='ocrx_word' id='word_1_401' title='bbox 1201 2569 1366 2643; x_wconf 78' lang='lat' dir='ltr'>ingenium⁸¹</span> <span class='ocrx_word' id='word_1_402' title='bbox 1379 2568 1600 2639; x_wconf 82' lang='lat' dir='ltr'>praesumpserit,</span> <span class='ocrx_word' id='word_1_403' title='bbox 1612 2576 1694 2637; x_wconf 89' lang='lat' dir='ltr'>atque</span> <span class='ocrx_word' id='word_1_404' title='bbox 1707 2567 1769 2622; x_wconf 89' lang='lat' dir='ltr'>iude</span> <span class='ocrx_word' id='word_1_405' title='bbox 1779 2583 1825 2622; x_wconf 90' lang='lat' dir='ltr'>co-</span> 
     </span>
    </p>
   </div>
   <div class='ocr_carea' id='block_1_12' title="bbox 185 2657 1825 2731">
    <p class='ocr_par' dir='ltr' id='par_1_14' title="bbox 185 2657 1825 2731">
     <span class='ocr_line' id='line_1_44' title="bbox 185 2657 1825 2731; baseline -0.006 -17"><span class='ocrx_word' id='word_1_406' title='bbox 185 2661 239 2727; x_wconf 92' lang='lat' dir='ltr'>lus,</span> <span class='ocrx_word' id='word_1_407' title='bbox 255 2659 326 2731; x_wconf 91' lang='lat' dir='ltr'>quod</span> <span class='ocrx_word' id='word_1_408' title='bbox 336 2674 484 2729; x_wconf 90' lang='lat' dir='ltr'>numquam</span> <span class='ocrx_word' id='word_1_409' title='bbox 496 2674 559 2714; x_wconf 88' lang='lat' dir='ltr'>eum</span> <span class='ocrx_word' id='word_1_410' title='bbox 573 2659 692 2714; x_wconf 91' lang='lat' dir='ltr'>audisset</span> <span class='ocrx_word' id='word_1_411' title='bbox 708 2673 757 2714; x_wconf 88' lang='lat' dir='ltr'>nec</span> <span class='ocrx_word' id='word_1_412' title='bbox 766 2673 815 2728; x_wconf 89' lang='lat' dir='ltr'>per</span> <span class='ocrx_word' id='word_1_413' title='bbox 837 2657 980 2712; x_wconf 78' lang='lat' dir='ltr'>veritatem</span> <span class='ocrx_word' id='word_1_414' title='bbox 1030 2680 1088 2720; x_wconf 69' lang='lat' dir='ltr'>ram</span> <span class='ocrx_word' id='word_1_415' title='bbox 1103 2665 1235 2721; x_wconf 68' lang='lat' dir='ltr'>iudicibus</span> <span class='ocrx_word' id='word_1_416' title='bbox 1248 2664 1292 2720; x_wconf 67' lang='lat' dir='ltr'>vel</span> <span class='ocrx_word' id='word_1_417' title='bbox 1307 2662 1405 2719; x_wconf 64' lang='lat' dir='ltr'>wmtie</span> <span class='ocrx_word' id='word_1_418' title='bbox 1415 2662 1438 2693; x_wconf 68' lang='grc' dir='ltr'>ι’</span> <span class='ocrx_word' id='word_1_419' title='bbox 1448 2662 1603 2730; x_wconf 68' lang='lat' dir='ltr'>increpatus</span> <span class='ocrx_word' id='word_1_420' title='bbox 1619 2659 1712 2725; x_wconf 65' lang='lat' dir='ltr'>suerii,</span> <span class='ocrx_word' id='word_1_421' title='bbox 1728 2670 1755 2714; x_wconf 84' lang='lat' dir='ltr'>et</span> <span class='ocrx_word' id='word_1_422' title='bbox 1777 2676 1825 2715; x_wconf 62' lang='grc' dir='ltr'>ηρ.</span> 
     </span>
    </p>
   </div>
   <div class='ocr_carea' id='block_1_13' title="bbox 185 2748 1825 2912">
    <p class='ocr_par' dir='ltr' id='par_1_15' title="bbox 185 2748 1825 2912">
     <span class='ocr_line' id='line_1_45' title="bbox 187 2748 1825 2831; baseline -0.005 -9"><span class='ocrx_word' id='word_1_423' title='bbox 187 2767 237 2807; x_wconf 71' lang='lat' dir='ltr'>ure</span> <span class='ocrx_word' id='word_1_424' title='bbox 250 2751 480 2822; x_wconf 65' lang='lat' dir='ltr'>parmenianum</span> <span class='ocrx_word' id='word_1_425' title='bbox 495 2750 645 2816; x_wconf 65' lang='lat' dir='ltr'>latronem</span> <span class='ocrx_word' id='word_1_426' title='bbox 669 2759 716 2806; x_wconf 75' lang='lat' dir='ltr'>aut</span> <span class='ocrx_word' id='word_1_427' title='bbox 739 2751 774 2806; x_wconf 75' lang='lat' dir='ltr'>sn</span> <span class='ocrx_word' id='word_1_428' title='bbox 786 2751 806 2781; x_wconf 87' lang='lat'>¹¹</span> <span class='ocrx_word' id='word_1_429' title='bbox 819 2758 941 2820; x_wconf 75' lang='lat' dir='ltr'>paratus,</span> <span class='ocrx_word' id='word_1_430' title='bbox 957 2748 980 2804; x_wconf 81' lang='lat' dir='ltr'>si</span> <span class='ocrx_word' id='word_1_431' title='bbox 1031 2775 1095 2831; x_wconf 68' lang='lat' dir='ltr'>gare</span> <span class='ocrx_word' id='word_1_432' title='bbox 1107 2760 1297 2830; x_wconf 72' lang='lat' dir='ltr'>nonpoueru,</span> <span class='ocrx_word' id='word_1_433' title='bbox 1314 2758 1406 2815; x_wconf 78' lang='lat' dir='ltr'>sottus</span> <span class='ocrx_word' id='word_1_434' title='bbox 1427 2756 1580 2828; x_wconf 69' lang='lat' dir='ltr'>quintium</span> <span class='ocrx_word' id='word_1_435' title='bbox 1596 2756 1739 2827; x_wconf 74' lang='lat' dir='ltr'>carpamns</span> <span class='ocrx_word' id='word_1_436' title='bbox 1759 2759 1825 2814; x_wconf 81' lang='lat' dir='ltr'>ruu-</span> 
     </span>
     <span class='ocr_line' id='line_1_46' title="bbox 185 2839 1117 2912; baseline 0.002 -17"><span class='ocrx_word' id='word_1_437' title='bbox 185 2841 229 2897; x_wconf 91' lang='lat' dir='ltr'>ille</span> <span class='ocrx_word' id='word_1_438' title='bbox 242 2843 275 2897; x_wconf 91' lang='lat' dir='ltr'>dc</span> <span class='ocrx_word' id='word_1_439' title='bbox 288 2841 429 2897; x_wconf 86' lang='lat' dir='ltr'>latrocinio</span> <span class='ocrx_word' id='word_1_440' title='bbox 449 2850 543 2912; x_wconf 82' lang='lat' dir='ltr'>postea</span> <span class='ocrx_word' id='word_1_441' title='bbox 559 2840 645 2898; x_wconf 87' lang='lat' dir='ltr'>rictus</span> <span class='ocrx_word' id='word_1_442' title='bbox 661 2840 682 2872; x_wconf 80' lang='lat'>¹³</span> <span class='ocrx_word' id='word_1_443' title='bbox 697 2839 787 2907; x_wconf 87' lang='lat' dir='ltr'>luerit,</span> <span class='ocrx_word' id='word_1_444' title='bbox 808 2850 838 2897; x_wconf 91' lang='lat' dir='ltr'>ut</span> <span class='ocrx_word' id='word_1_445' title='bbox 857 2840 981 2895; x_wconf 90' lang='lat' dir='ltr'>similiter</span> <span class='ocrx_word' id='word_1_446' title='bbox 1031 2859 1117 2907; x_wconf 47' lang='grc' dir='ltr'><strong>(κων,</strong></span> 
     </span>
    </p>
   </div>
   <div class='ocr_carea' id='block_1_14' title="bbox 187 2932 1824 3031">
    <p class='ocr_par' dir='ltr' id='par_1_16' title="bbox 187 2932 1824 3031">
     <span class='ocr_line' id='line_1_47' title="bbox 187 2932 1824 3031; baseline 0.004 -46"><span class='ocrx_word' id='word_1_447' title='bbox 187 2932 360 3002; x_wconf 90' lang='lat' dir='ltr'>dampnetur.</span> <span class='ocrx_word' id='word_1_448' title='bbox 992 2967 1016 3031; x_wconf 71' lang='lat' dir='ltr'>c</span> <span class='ocrx_word' id='word_1_449' title='bbox 1065 2941 1111 2997; x_wconf 77' lang='lat'>28.</span> <span class='ocrx_word' id='word_1_450' title='bbox 1129 2940 1169 2995; x_wconf 81' lang='lat' dir='ltr'>De</span> <span class='ocrx_word' id='word_1_451' title='bbox 1186 2941 1299 3005; x_wconf 82' lang='lat' dir='ltr'>bomine,</span> <span class='ocrx_word' id='word_1_452' title='bbox 1316 2941 1362 3011; x_wconf 87' lang='lat' dir='ltr'>qni</span> <span class='ocrx_word' id='word_1_453' title='bbox 1373 2956 1419 3010; x_wconf 87' lang='lat' dir='ltr'>per</span> <span class='ocrx_word' id='word_1_454' title='bbox 1431 2951 1529 2993; x_wconf 86' lang='lat' dir='ltr'>cortona</span> <span class='ocrx_word' id='word_1_455' title='bbox 1542 2939 1687 2992; x_wconf 81' lang='lat' dir='ltr'>libertatern</span> <span class='ocrx_word' id='word_1_456' title='bbox 1700 2955 1824 2993; x_wconf 81' lang='lat' dir='ltr'>censecu-</span> 
     </span>
    </p>
   </div>
   <div class='ocr_carea' id='block_1_15' title="bbox 183 3024 979 4277">
    <p class='ocr_par' dir='ltr' id='par_1_17' title="bbox 186 3024 979 3447">
     <span class='ocr_line' id='line_1_48' title="bbox 220 3024 976 3108; baseline 0.001 -30"><span class='ocrx_word' id='word_1_457' title='bbox 220 3025 266 3079; x_wconf 59' lang='grc' dir='ltr'>ξι.</span> <span class='ocrx_word' id='word_1_458' title='bbox 278 3024 317 3080; x_wconf 85' lang='lat' dir='ltr'>De</span> <span class='ocrx_word' id='word_1_459' title='bbox 328 3026 486 3108; x_wconf 75' lang='lat' dir='ltr'>animalibus</span> <span class='ocrx_word' id='word_1_460' title='bbox 499 3026 538 3081; x_wconf 85' lang='lat' dir='ltr'>oei</span> <span class='ocrx_word' id='word_1_461' title='bbox 550 3026 610 3082; x_wconf 78' lang='lat' dir='ltr'>aliis</span> <span class='ocrx_word' id='word_1_462' title='bbox 621 3027 706 3094; x_wconf 84' lang='lat' dir='ltr'>rebus,</span> <span class='ocrx_word' id='word_1_463' title='bbox 719 3044 735 3081; x_wconf 86' lang='lat' dir='ltr'>o</span> <span class='ocrx_word' id='word_1_464' title='bbox 747 3027 976 3097; x_wconf 83' lang='lat' dir='ltr'>quiburementnr.</span> 
     </span>
     <span class='ocr_line' id='line_1_49' title="bbox 187 3115 978 3188; baseline 0.001 -17"><span class='ocrx_word' id='word_1_465' title='bbox 187 3115 222 3171; x_wconf 83' lang='lat' dir='ltr'>b&#39;t</span> <span class='ocrx_word' id='word_1_466' title='bbox 236 3116 324 3171; x_wconf 90' lang='lat' dir='ltr'>nullus</span> <span class='ocrx_word' id='word_1_467' title='bbox 338 3126 477 3188; x_wconf 88' lang='lat' dir='ltr'>comparet</span> <span class='ocrx_word' id='word_1_468' title='bbox 491 3118 634 3185; x_wconf 80' lang='lat' dir='ltr'>caballum,</span> <span class='ocrx_word' id='word_1_469' title='bbox 647 3120 742 3174; x_wconf 80' lang='lat' dir='ltr'>bovem</span> <span class='ocrx_word' id='word_1_470' title='bbox 757 3126 784 3171; x_wconf 89' lang='lat' dir='ltr'>et</span> <span class='ocrx_word' id='word_1_471' title='bbox 796 3117 818 3149; x_wconf 88' lang='lat'>¹⁸</span> <span class='ocrx_word' id='word_1_472' title='bbox 830 3118 978 3172; x_wconf 91' lang='lat' dir='ltr'>iumentum</span> 
     </span>
     <span class='ocr_line' id='line_1_50' title="bbox 187 3206 979 3280; baseline 0.004 -21"><span class='ocrx_word' id='word_1_473' title='bbox 187 3206 295 3262; x_wconf 82' lang='lat' dir='ltr'>setalia</span> <span class='ocrx_word' id='word_1_474' title='bbox 313 3208 345 3275; x_wconf 85' lang='lat'>¹⁸,</span> <span class='ocrx_word' id='word_1_475' title='bbox 361 3209 414 3263; x_wconf 91' lang='lat' dir='ltr'>nisi</span> <span class='ocrx_word' id='word_1_476' title='bbox 427 3209 501 3263; x_wconf 88' lang='lat' dir='ltr'>illum</span> <span class='ocrx_word' id='word_1_477' title='bbox 517 3210 654 3264; x_wconf 90' lang='lat' dir='ltr'>hominem</span> <span class='ocrx_word' id='word_1_478' title='bbox 674 3216 818 3280; x_wconf 81' lang='lat' dir='ltr'>eognoscat</span> <span class='ocrx_word' id='word_1_479' title='bbox 845 3209 890 3278; x_wconf 87' lang='lat' dir='ltr'>qui</span> <span class='ocrx_word' id='word_1_480' title='bbox 916 3223 979 3262; x_wconf 92' lang='lat' dir='ltr'>cum</span> 
     </span>
     <span class='ocr_line' id='line_1_51' title="bbox 186 3297 978 3370; baseline 0.001 -19"><span class='ocrx_word' id='word_1_481' title='bbox 186 3299 286 3365; x_wconf 85' lang='lat' dir='ltr'>rendit,</span> <span class='ocrx_word' id='word_1_482' title='bbox 299 3307 346 3354; x_wconf 90' lang='lat' dir='ltr'>aut</span> <span class='ocrx_word' id='word_1_483' title='bbox 360 3300 393 3355; x_wconf 89' lang='lat' dir='ltr'>de</span> <span class='ocrx_word' id='word_1_484' title='bbox 402 3314 456 3369; x_wconf 94' lang='lat' dir='ltr'>quo</span> <span class='ocrx_word' id='word_1_485' title='bbox 468 3315 537 3370; x_wconf 81' lang='lat' dir='ltr'>pago</span> <span class='ocrx_word' id='word_1_486' title='bbox 546 3308 597 3363; x_wconf 89' lang='lat' dir='ltr'>est,</span> <span class='ocrx_word' id='word_1_487' title='bbox 608 3299 650 3354; x_wconf 86' lang='lat' dir='ltr'>rel</span> <span class='ocrx_word' id='word_1_488' title='bbox 660 3300 705 3355; x_wconf 91' lang='lat' dir='ltr'>ubi</span> <span class='ocrx_word' id='word_1_489' title='bbox 716 3305 815 3363; x_wconf 91' lang='lat' dir='ltr'>manet,</span> <span class='ocrx_word' id='word_1_490' title='bbox 827 3306 873 3352; x_wconf 87' lang='lat' dir='ltr'>aut</span> <span class='ocrx_word' id='word_1_491' title='bbox 885 3297 946 3367; x_wconf 89' lang='lat' dir='ltr'>quis</span> <span class='ocrx_word' id='word_1_492' title='bbox 957 3297 978 3329; x_wconf 88' lang='lat'>¹⁸</span> 
     </span>
     <span class='ocr_line' id='line_1_52' title="bbox 186 3390 416 3447; baseline -0.004 -1"><span class='ocrx_word' id='word_1_493' title='bbox 186 3400 228 3447; x_wconf 89' lang='lat' dir='ltr'>est</span> <span class='ocrx_word' id='word_1_494' title='bbox 241 3392 302 3446; x_wconf 89' lang='lat' dir='ltr'>eius</span> <span class='ocrx_word' id='word_1_495' title='bbox 315 3390 416 3446; x_wconf 89' lang='lat' dir='ltr'>senior.</span> 
     </span>
    </p>

    <p class='ocr_par' dir='ltr' id='par_1_18' title="bbox 183 3479 979 4277">
     <span class='ocr_line' id='line_1_53' title="bbox 221 3479 979 3548; baseline -0.004 -12"><span class='ocrx_word' id='word_1_496' title='bbox 221 3479 267 3535; x_wconf 75' lang='lat'>25.</span> <span class='ocrx_word' id='word_1_497' title='bbox 285 3480 325 3536; x_wconf 81' lang='lat' dir='ltr'>De</span> <span class='ocrx_word' id='word_1_498' title='bbox 336 3481 484 3535; x_wconf 70' lang='lat' dir='ltr'>homicidiis</span> <span class='ocrx_word' id='word_1_499' title='bbox 498 3481 661 3535; x_wconf 85' lang='lat' dir='ltr'>clericorum.</span> <span class='ocrx_word' id='word_1_500' title='bbox 673 3481 723 3548; x_wconf 83' lang='lat' dir='ltr'>Qui</span> <span class='ocrx_word' id='word_1_501' title='bbox 734 3481 925 3537; x_wconf 89' lang='lat' dir='ltr'>subdiaconum</span> <span class='ocrx_word' id='word_1_502' title='bbox 936 3494 979 3534; x_wconf 90' lang='lat' dir='ltr'>oc-</span> 
     </span>
     <span class='ocr_line' id='line_1_54' title="bbox 185 3569 979 3640; baseline -0.001 -13"><span class='ocrx_word' id='word_1_503' title='bbox 185 3569 294 3636; x_wconf 86' lang='lat' dir='ltr'>ciderit,</span> <span class='ocrx_word' id='word_1_504' title='bbox 311 3577 447 3625; x_wconf 82' lang='lat' dir='ltr'>trecentos</span> <span class='ocrx_word' id='word_1_505' title='bbox 465 3571 485 3601; x_wconf 82' lang='lat'>¹⁸</span> <span class='ocrx_word' id='word_1_506' title='bbox 502 3569 601 3625; x_wconf 92' lang='lat' dir='ltr'>solidos</span> <span class='ocrx_word' id='word_1_507' title='bbox 619 3579 762 3640; x_wconf 88' lang='lat' dir='ltr'>componat</span> <span class='ocrx_word' id='word_1_508' title='bbox 781 3572 817 3638; x_wconf 78' lang='lat'>¹⁸3</span> <span class='ocrx_word' id='word_1_509' title='bbox 830 3570 875 3640; x_wconf 90' lang='lat' dir='ltr'>qui</span> <span class='ocrx_word' id='word_1_510' title='bbox 889 3571 979 3626; x_wconf 89' lang='lat' dir='ltr'>diaco·</span> 
     </span>
     <span class='ocr_line' id='line_1_55' title="bbox 186 3659 976 3732; baseline -0.004 -15"><span class='ocrx_word' id='word_1_511' title='bbox 186 3676 261 3725; x_wconf 82' lang='lat' dir='ltr'>nam,</span> <span class='ocrx_word' id='word_1_512' title='bbox 275 3659 487 3730; x_wconf 75' lang='lat' dir='ltr'>quadringentos</span> <span class='ocrx_word' id='word_1_513' title='bbox 499 3661 520 3692; x_wconf 92' lang='lat'>¹⁸</span> <span class='ocrx_word' id='word_1_514' title='bbox 535 3669 693 3732; x_wconf 89' lang='lat' dir='ltr'>componat;</span> <span class='ocrx_word' id='word_1_515' title='bbox 719 3661 764 3729; x_wconf 89' lang='lat' dir='ltr'>qui</span> <span class='ocrx_word' id='word_1_516' title='bbox 781 3662 976 3732; x_wconf 86' lang='lat' dir='ltr'>presbyterum,</span> 
     </span>
     <span class='ocr_line' id='line_1_56' title="bbox 187 3751 977 3825; baseline -0.001 -17"><span class='ocrx_word' id='word_1_517' title='bbox 187 3758 329 3808; x_wconf 80' lang='lat' dir='ltr'>sexcentos</span> <span class='ocrx_word' id='word_1_518' title='bbox 338 3751 362 3782; x_wconf 87' lang='lat'>⁸⁸</span> <span class='ocrx_word' id='word_1_519' title='bbox 373 3759 532 3822; x_wconf 87' lang='lat' dir='ltr'>componat;</span> <span class='ocrx_word' id='word_1_520' title='bbox 548 3751 593 3822; x_wconf 91' lang='lat' dir='ltr'>qui</span> <span class='ocrx_word' id='word_1_521' title='bbox 607 3752 771 3821; x_wconf 84' lang='lat' dir='ltr'>episcopum,</span> <span class='ocrx_word' id='word_1_522' title='bbox 779 3760 928 3825; x_wconf 78' lang='lat' dir='ltr'>nongentos</span> <span class='ocrx_word' id='word_1_523' title='bbox 939 3753 977 3818; x_wconf 82' lang='lat'>⁸¹;</span> 
     </span>
     <span class='ocr_line' id='line_1_57' title="bbox 185 3842 914 3915; baseline -0.003 -16"><span class='ocrx_word' id='word_1_524' title='bbox 185 3843 232 3914; x_wconf 92' lang='lat' dir='ltr'>qui</span> <span class='ocrx_word' id='word_1_525' title='bbox 243 3844 416 3910; x_wconf 89' lang='lat' dir='ltr'>monachum,</span> <span class='ocrx_word' id='word_1_526' title='bbox 429 3843 640 3915; x_wconf 77' lang='lat' dir='ltr'>quadringentos</span> <span class='ocrx_word' id='word_1_527' title='bbox 651 3842 750 3899; x_wconf 91' lang='lat' dir='ltr'>solidos</span> <span class='ocrx_word' id='word_1_528' title='bbox 761 3851 914 3913; x_wconf 89' lang='lat' dir='ltr'>componat.</span> 
     </span>
     <span class='ocr_line' id='line_1_58' title="bbox 191 3931 979 4004; baseline -0.003 -16"><span class='ocrx_word' id='word_1_529' title='bbox 191 3934 199 3949; x_wconf 75' lang='lat'>⁸</span> <span class='ocrx_word' id='word_1_530' title='bbox 219 3933 263 3988; x_wconf 75' lang='lat'>26.</span> <span class='ocrx_word' id='word_1_531' title='bbox 272 3931 310 3987; x_wconf 82' lang='lat' dir='ltr'>De</span> <span class='ocrx_word' id='word_1_532' title='bbox 316 3934 487 3999; x_wconf 85' lang='lat' dir='ltr'>immunitate,</span> <span class='ocrx_word' id='word_1_533' title='bbox 497 3934 519 3988; x_wconf 83' lang='lat' dir='ltr'>ri</span> <span class='ocrx_word' id='word_1_534' title='bbox 525 3932 632 4004; x_wconf 76' lang='lat' dir='ltr'>oiiqdod</span> <span class='ocrx_word' id='word_1_535' title='bbox 639 3933 764 3987; x_wconf 85' lang='lat' dir='ltr'>damnum</span> <span class='ocrx_word' id='word_1_536' title='bbox 772 3934 807 3987; x_wconf 85' lang='lat' dir='ltr'>ibi</span> <span class='ocrx_word' id='word_1_537' title='bbox 816 3932 915 4003; x_wconf 71' lang='lat' dir='ltr'>[aetram</span> <span class='ocrx_word' id='word_1_538' title='bbox 924 3932 979 4003; x_wconf 75' lang='lat' dir='ltr'>fue·</span> 
     </span>
     <span class='ocr_line' id='line_1_59' title="bbox 184 4023 976 4094; baseline 0 -16"><span class='ocrx_word' id='word_1_539' title='bbox 184 4025 228 4078; x_wconf 84' lang='lat' dir='ltr'>rit.</span> <span class='ocrx_word' id='word_1_540' title='bbox 243 4024 272 4078; x_wconf 90' lang='lat' dir='ltr'>Si</span> <span class='ocrx_word' id='word_1_541' title='bbox 284 4024 344 4094; x_wconf 89' lang='lat' dir='ltr'>quis</span> <span class='ocrx_word' id='word_1_542' title='bbox 356 4024 383 4079; x_wconf 92' lang='lat' dir='ltr'>in</span> <span class='ocrx_word' id='word_1_543' title='bbox 398 4025 419 4055; x_wconf 82' lang='lat'>⁸⁸</span> <span class='ocrx_word' id='word_1_544' title='bbox 435 4024 603 4080; x_wconf 89' lang='lat' dir='ltr'>immunitate</span> <span class='ocrx_word' id='word_1_545' title='bbox 612 4025 740 4080; x_wconf 91' lang='lat' dir='ltr'>damnum</span> <span class='ocrx_word' id='word_1_546' title='bbox 751 4023 859 4093; x_wconf 92' lang='lat' dir='ltr'>aliquod</span> <span class='ocrx_word' id='word_1_547' title='bbox 873 4024 976 4090; x_wconf 87' lang='lat' dir='ltr'>lecerit,</span> 
     </span>
     <span class='ocr_line' id='line_1_60' title="bbox 185 4115 977 4185; baseline 0.001 -15"><span class='ocrx_word' id='word_1_548' title='bbox 185 4123 326 4170; x_wconf 78' lang='lat' dir='ltr'>sexcentos</span> <span class='ocrx_word' id='word_1_549' title='bbox 335 4115 359 4146; x_wconf 84' lang='lat'>¹⁸</span> <span class='ocrx_word' id='word_1_550' title='bbox 371 4115 470 4170; x_wconf 88' lang='lat' dir='ltr'>solidos</span> <span class='ocrx_word' id='word_1_551' title='bbox 481 4125 624 4185; x_wconf 84' lang='lat' dir='ltr'>componet</span> <span class='ocrx_word' id='word_1_552' title='bbox 636 4115 668 4168; x_wconf 82' lang='lat'>⁸⁸.</span> <span class='ocrx_word' id='word_1_553' title='bbox 682 4116 710 4170; x_wconf 93' lang='lat' dir='ltr'>Si</span> <span class='ocrx_word' id='word_1_554' title='bbox 723 4126 813 4172; x_wconf 80' lang='lat' dir='ltr'>sutem</span> <span class='ocrx_word' id='word_1_555' title='bbox 826 4117 907 4172; x_wconf 89' lang='lat' dir='ltr'>homo</span> <span class='ocrx_word' id='word_1_556' title='bbox 919 4115 977 4171; x_wconf 88' lang='lat' dir='ltr'>lur-</span> 
     </span>
     <span class='ocr_line' id='line_1_61' title="bbox 183 4207 978 4277; baseline 0.005 -17"><span class='ocrx_word' id='word_1_557' title='bbox 183 4216 241 4261; x_wconf 87' lang='lat' dir='ltr'>tum</span> <span class='ocrx_word' id='word_1_558' title='bbox 256 4214 302 4261; x_wconf 90' lang='lat' dir='ltr'>aut</span> <span class='ocrx_word' id='word_1_559' title='bbox 315 4207 489 4263; x_wconf 85' lang='lat' dir='ltr'>homicidium</span> <span class='ocrx_word' id='word_1_560' title='bbox 503 4207 544 4261; x_wconf 86' lang='lat' dir='ltr'>rel</span> <span class='ocrx_word' id='word_1_561' title='bbox 555 4209 690 4277; x_wconf 88' lang='lat' dir='ltr'>quodlibet</span> <span class='ocrx_word' id='word_1_562' title='bbox 713 4210 815 4264; x_wconf 89' lang='lat' dir='ltr'>crimen</span> <span class='ocrx_word' id='word_1_563' title='bbox 828 4209 894 4265; x_wconf 85' lang='lat' dir='ltr'>ioris</span> <span class='ocrx_word' id='word_1_564' title='bbox 908 4224 978 4266; x_wconf 90' lang='lat' dir='ltr'>coru-</span> 
     </span>
    </p>
   </div>
   <div class='ocr_carea' id='block_1_16' title="bbox 1027 3028 1828 4280">
    <p class='ocr_par' dir='ltr' id='par_1_19' title="bbox 1027 3028 1824 4007">
     <span class='ocr_line' id='line_1_62' title="bbox 1030 3028 1823 3099; baseline -0.001 -14"><span class='ocrx_word' id='word_1_565' title='bbox 1030 3040 1072 3085; x_wconf 83' lang='lat' dir='ltr'>nn</span> <span class='ocrx_word' id='word_1_566' title='bbox 1096 3040 1142 3084; x_wconf 80' lang='lat' dir='ltr'>est.</span> <span class='ocrx_word' id='word_1_567' title='bbox 1165 3029 1194 3084; x_wconf 87' lang='lat' dir='ltr'>Si</span> <span class='ocrx_word' id='word_1_568' title='bbox 1219 3030 1280 3099; x_wconf 89' lang='lat' dir='ltr'>quis</span> <span class='ocrx_word' id='word_1_569' title='bbox 1306 3045 1355 3099; x_wconf 87' lang='lat' dir='ltr'>per</span> <span class='ocrx_word' id='word_1_570' title='bbox 1371 3037 1475 3084; x_wconf 90' lang='lat' dir='ltr'>cartam</span> <span class='ocrx_word' id='word_1_571' title='bbox 1493 3028 1693 3099; x_wconf 76' lang='lat' dir='ltr'>ingenuintisa</span> <span class='ocrx_word' id='word_1_572' title='bbox 1714 3030 1823 3085; x_wconf 88' lang='lat' dir='ltr'>domino</span> 
     </span>
     <span class='ocr_line' id='line_1_63' title="bbox 1030 3118 1824 3191; baseline -0.006 -15"><span class='ocrx_word' id='word_1_573' title='bbox 1030 3136 1078 3176; x_wconf 89' lang='lat' dir='ltr'>suo</span> <span class='ocrx_word' id='word_1_574' title='bbox 1090 3121 1208 3191; x_wconf 74' lang='lat' dir='ltr'>legitime</span> <span class='ocrx_word' id='word_1_575' title='bbox 1219 3121 1371 3175; x_wconf 88' lang='lat' dir='ltr'>libertatem</span> <span class='ocrx_word' id='word_1_576' title='bbox 1384 3121 1425 3173; x_wconf 90' lang='lat' dir='ltr'>cst</span> <span class='ocrx_word' id='word_1_577' title='bbox 1446 3127 1617 3183; x_wconf 71' lang='lat' dir='ltr'>consecutus</span> <span class='ocrx_word' id='word_1_578' title='bbox 1635 3118 1706 3173; x_wconf 90' lang='lat' dir='ltr'>liber</span> <span class='ocrx_word' id='word_1_579' title='bbox 1720 3133 1824 3188; x_wconf 85' lang='lat' dir='ltr'>perma-</span> 
     </span>
     <span class='ocr_line' id='line_1_64' title="bbox 1029 3196 1822 3279; baseline -0.004 -13"><span class='ocrx_word' id='word_1_580' title='bbox 1029 3220 1101 3266; x_wconf 88' lang='lat' dir='ltr'>neat.</span> <span class='ocrx_word' id='word_1_581' title='bbox 1131 3210 1159 3264; x_wconf 85' lang='lat' dir='ltr'>Si</span> <span class='ocrx_word' id='word_1_582' title='bbox 1176 3225 1241 3266; x_wconf 77' lang='lat' dir='ltr'>vero</span> <span class='ocrx_word' id='word_1_583' title='bbox 1263 3210 1359 3279; x_wconf 90' lang='lat' dir='ltr'>aliquis</span> <span class='ocrx_word' id='word_1_584' title='bbox 1369 3224 1431 3264; x_wconf 90' lang='lat' dir='ltr'>eum</span> <span class='ocrx_word' id='word_1_585' title='bbox 1450 3196 1548 3263; x_wconf 87' lang='lat' dir='ltr'>iniuste</span> <span class='ocrx_word' id='word_1_586' title='bbox 1565 3209 1698 3262; x_wconf 79' lang='lat' dir='ltr'>inseruire</span> <span class='ocrx_word' id='word_1_587' title='bbox 1711 3216 1822 3278; x_wconf 83' lang='lat' dir='ltr'>tcmpta-</span> 
     </span>
     <span class='ocr_line' id='line_1_65' title="bbox 1028 3295 1822 3367; baseline -0.001 -15"><span class='ocrx_word' id='word_1_588' title='bbox 1028 3295 1098 3352; x_wconf 84' lang='lat' dir='ltr'>verit</span> <span class='ocrx_word' id='word_1_589' title='bbox 1116 3295 1147 3363; x_wconf 86' lang='lat'>⁸⁸,</span> <span class='ocrx_word' id='word_1_590' title='bbox 1161 3306 1188 3352; x_wconf 88' lang='lat' dir='ltr'>et</span> <span class='ocrx_word' id='word_1_591' title='bbox 1197 3298 1219 3329; x_wconf 93' lang='lat'>⁸⁸</span> <span class='ocrx_word' id='word_1_592' title='bbox 1231 3298 1275 3353; x_wconf 91' lang='lat' dir='ltr'>ille</span> <span class='ocrx_word' id='word_1_593' title='bbox 1293 3305 1395 3353; x_wconf 90' lang='lat' dir='ltr'>cartam</span> <span class='ocrx_word' id='word_1_594' title='bbox 1411 3296 1585 3367; x_wconf 77' lang='lat' dir='ltr'>ingenuitatis</span> <span class='ocrx_word' id='word_1_595' title='bbox 1598 3311 1664 3351; x_wconf 90' lang='lat' dir='ltr'>suae</span> <span class='ocrx_word' id='word_1_596' title='bbox 1674 3297 1822 3352; x_wconf 85' lang='lat' dir='ltr'>ostenderit</span> 
     </span>
     <span class='ocr_line' id='line_1_66' title="bbox 1029 3387 1819 3459; baseline -0.005 -13"><span class='ocrx_word' id='word_1_597' title='bbox 1029 3399 1056 3446; x_wconf 91' lang='lat' dir='ltr'>et</span> <span class='ocrx_word' id='word_1_598' title='bbox 1066 3391 1250 3447; x_wconf 80' lang='lat' dir='ltr'>adversarium</span> <span class='ocrx_word' id='word_1_599' title='bbox 1262 3407 1291 3446; x_wconf 89' lang='lat' dir='ltr'>se</span> <span class='ocrx_word' id='word_1_600' title='bbox 1305 3391 1434 3446; x_wconf 80' lang='lat' dir='ltr'>inseruire</span> <span class='ocrx_word' id='word_1_601' title='bbox 1448 3390 1515 3445; x_wconf 87' lang='lat' dir='ltr'>uelle</span> <span class='ocrx_word' id='word_1_602' title='bbox 1532 3389 1761 3459; x_wconf 77' lang='lat' dir='ltr'>comprobaverit,</span> <span class='ocrx_word' id='word_1_603' title='bbox 1776 3387 1819 3442; x_wconf 89' lang='lat' dir='ltr'>ille</span> 
     </span>
     <span class='ocr_line' id='line_1_67' title="bbox 1028 3478 1818 3552; baseline -0.008 -15"><span class='ocrx_word' id='word_1_604' title='bbox 1028 3483 1075 3552; x_wconf 93' lang='lat' dir='ltr'>qui</span> <span class='ocrx_word' id='word_1_605' title='bbox 1093 3483 1144 3537; x_wconf 88' lang='lat' dir='ltr'>hoc</span> <span class='ocrx_word' id='word_1_606' title='bbox 1159 3482 1308 3552; x_wconf 79' lang='lat' dir='ltr'>temptauit,</span> <span class='ocrx_word' id='word_1_607' title='bbox 1327 3481 1439 3536; x_wconf 91' lang='lat' dir='ltr'>multam</span> <span class='ocrx_word' id='word_1_608' title='bbox 1451 3486 1521 3550; x_wconf 81' lang='lat' dir='ltr'>quae</span> <span class='ocrx_word' id='word_1_609' title='bbox 1542 3480 1569 3533; x_wconf 94' lang='lat' dir='ltr'>in</span> <span class='ocrx_word' id='word_1_610' title='bbox 1587 3488 1665 3533; x_wconf 78' lang='lat' dir='ltr'>carta</span> <span class='ocrx_word' id='word_1_611' title='bbox 1684 3478 1818 3548; x_wconf 82' lang='lat' dir='ltr'>descripta</span> 
     </span>
     <span class='ocr_line' id='line_1_68' title="bbox 1028 3569 1820 3643; baseline -0.006 -15"><span class='ocrx_word' id='word_1_612' title='bbox 1028 3581 1080 3638; x_wconf 89' lang='lat' dir='ltr'>est,</span> <span class='ocrx_word' id='word_1_613' title='bbox 1097 3573 1201 3628; x_wconf 85' lang='lat' dir='ltr'>solvere</span> <span class='ocrx_word' id='word_1_614' title='bbox 1211 3580 1333 3643; x_wconf 79' lang='lat' dir='ltr'>cogatur.</span> <span class='ocrx_word' id='word_1_615' title='bbox 1349 3570 1377 3625; x_wconf 88' lang='lat' dir='ltr'>Si</span> <span class='ocrx_word' id='word_1_616' title='bbox 1395 3586 1459 3626; x_wconf 85' lang='lat' dir='ltr'>vero</span> <span class='ocrx_word' id='word_1_617' title='bbox 1477 3577 1552 3626; x_wconf 90' lang='lat' dir='ltr'>carta</span> <span class='ocrx_word' id='word_1_618' title='bbox 1564 3585 1616 3624; x_wconf 92' lang='lat' dir='ltr'>non</span> <span class='ocrx_word' id='word_1_619' title='bbox 1630 3571 1763 3639; x_wconf 87' lang='lat' dir='ltr'>paruerit,</span> <span class='ocrx_word' id='word_1_620' title='bbox 1774 3569 1820 3623; x_wconf 80' lang='lat' dir='ltr'>scd</span> 
     </span>
     <span class='ocr_line' id='line_1_69' title="bbox 1029 3659 1819 3731; baseline -0.005 -15"><span class='ocrx_word' id='word_1_621' title='bbox 1029 3662 1083 3716; x_wconf 88' lang='lat' dir='ltr'>iam</span> <span class='ocrx_word' id='word_1_622' title='bbox 1099 3663 1132 3717; x_wconf 92' lang='lat' dir='ltr'>ab</span> <span class='ocrx_word' id='word_1_623' title='bbox 1146 3662 1192 3717; x_wconf 92' lang='lat' dir='ltr'>illo</span> <span class='ocrx_word' id='word_1_624' title='bbox 1209 3662 1254 3731; x_wconf 89' lang='lat' dir='ltr'>qui</span> <span class='ocrx_word' id='word_1_625' title='bbox 1265 3678 1327 3717; x_wconf 88' lang='lat' dir='ltr'>eum</span> <span class='ocrx_word' id='word_1_626' title='bbox 1340 3661 1470 3717; x_wconf 83' lang='lat' dir='ltr'>inseruire</span> <span class='ocrx_word' id='word_1_627' title='bbox 1480 3661 1595 3716; x_wconf 83' lang='lat' dir='ltr'>volucrit</span> <span class='ocrx_word' id='word_1_628' title='bbox 1605 3659 1721 3715; x_wconf 75' lang='lat' dir='ltr'>disfacta</span> <span class='ocrx_word' id='word_1_629' title='bbox 1735 3659 1759 3692; x_wconf 88' lang='lat'>⁸⁸</span> <span class='ocrx_word' id='word_1_630' title='bbox 1769 3671 1819 3726; x_wconf 87' lang='lat' dir='ltr'>est,</span> 
     </span>
     <span class='ocr_line' id='line_1_70' title="bbox 1028 3752 1821 3823; baseline -0.004 -15"><span class='ocrx_word' id='word_1_631' title='bbox 1028 3753 1196 3823; x_wconf 85' lang='lat' dir='ltr'>widrgildum</span> <span class='ocrx_word' id='word_1_632' title='bbox 1210 3753 1233 3784; x_wconf 90' lang='lat'>⁸⁸</span> <span class='ocrx_word' id='word_1_633' title='bbox 1246 3753 1304 3808; x_wconf 90' lang='lat' dir='ltr'>eius</span> <span class='ocrx_word' id='word_1_634' title='bbox 1319 3761 1472 3823; x_wconf 87' lang='lat' dir='ltr'>componat,</span> <span class='ocrx_word' id='word_1_635' title='bbox 1490 3753 1556 3808; x_wconf 78' lang='lat' dir='ltr'>duas</span> <span class='ocrx_word' id='word_1_636' title='bbox 1573 3759 1667 3821; x_wconf 90' lang='lat' dir='ltr'>partes</span> <span class='ocrx_word' id='word_1_637' title='bbox 1690 3752 1729 3806; x_wconf 91' lang='lat' dir='ltr'>illi</span> <span class='ocrx_word' id='word_1_638' title='bbox 1742 3767 1821 3822; x_wconf 84' lang='lat' dir='ltr'>quem</span> 
     </span>
     <span class='ocr_line' id='line_1_71' title="bbox 1029 3842 1822 3913; baseline -0.003 -13"><span class='ocrx_word' id='word_1_639' title='bbox 1029 3844 1301 3909; x_wconf 82' lang='lat' dir='ltr'>inseruireroluerat,</span> <span class='ocrx_word' id='word_1_640' title='bbox 1320 3845 1427 3898; x_wconf 87' lang='lat' dir='ltr'>tertiam</span> <span class='ocrx_word' id='word_1_641' title='bbox 1452 3844 1522 3913; x_wconf 83' lang='lat' dir='ltr'>regi;</span> <span class='ocrx_word' id='word_1_642' title='bbox 1549 3852 1577 3898; x_wconf 90' lang='lat' dir='ltr'>et</span> <span class='ocrx_word' id='word_1_643' title='bbox 1594 3842 1638 3898; x_wconf 87' lang='lat' dir='ltr'>ille</span> <span class='ocrx_word' id='word_1_644' title='bbox 1659 3844 1758 3898; x_wconf 88' lang='lat' dir='ltr'>iterum</span> <span class='ocrx_word' id='word_1_645' title='bbox 1775 3858 1822 3913; x_wconf 90' lang='lat' dir='ltr'>per</span> 
     </span>
     <span class='ocr_line' id='line_1_72' title="bbox 1027 3935 1706 4007; baseline -0.001 -17"><span class='ocrx_word' id='word_1_646' title='bbox 1027 3944 1201 4007; x_wconf 89' lang='lat' dir='ltr'>praeceptum</span> <span class='ocrx_word' id='word_1_647' title='bbox 1216 3936 1286 4006; x_wconf 79' lang='lat' dir='ltr'>regis</span> <span class='ocrx_word' id='word_1_648' title='bbox 1297 3935 1450 3991; x_wconf 89' lang='lat' dir='ltr'>libertatem</span> <span class='ocrx_word' id='word_1_649' title='bbox 1462 3947 1538 3991; x_wconf 88' lang='lat' dir='ltr'>suam</span> <span class='ocrx_word' id='word_1_650' title='bbox 1551 3935 1706 4004; x_wconf 90' lang='lat' dir='ltr'>conquirat.</span> 
     </span>
    </p>

    <p class='ocr_par' dir='ltr' id='par_1_20' title="bbox 1028 4026 1828 4280">
     <span class='ocr_line' id='line_1_73' title="bbox 1063 4026 1820 4095; baseline 0 -14"><span class='ocrx_word' id='word_1_651' title='bbox 1063 4027 1107 4082; x_wconf 71' lang='lat'>29.</span> <span class='ocrx_word' id='word_1_652' title='bbox 1124 4027 1164 4081; x_wconf 84' lang='lat' dir='ltr'>De</span> <span class='ocrx_word' id='word_1_653' title='bbox 1184 4028 1286 4081; x_wconf 82' lang='lat' dir='ltr'>bomine</span> <span class='ocrx_word' id='word_1_654' title='bbox 1301 4026 1392 4091; x_wconf 82' lang='lat' dir='ltr'>libero,</span> <span class='ocrx_word' id='word_1_655' title='bbox 1413 4027 1458 4095; x_wconf 85' lang='lat' dir='ltr'>qui</span> <span class='ocrx_word' id='word_1_656' title='bbox 1477 4041 1505 4081; x_wconf 81' lang='lat' dir='ltr'>re</span> <span class='ocrx_word' id='word_1_657' title='bbox 1525 4026 1582 4080; x_wconf 89' lang='lat' dir='ltr'>loco</span> <span class='ocrx_word' id='word_1_658' title='bbox 1598 4027 1678 4080; x_wconf 81' lang='lat' dir='ltr'>wadii</span> <span class='ocrx_word' id='word_1_659' title='bbox 1691 4028 1774 4081; x_wconf 86' lang='lat' dir='ltr'>trudit</span> <span class='ocrx_word' id='word_1_660' title='bbox 1788 4028 1820 4081; x_wconf 77' lang='lat'>⁸⁸.</span> 
     </span>
     <span class='ocr_line' id='line_1_74' title="bbox 1029 4119 1826 4190; baseline -0.003 -14"><span class='ocrx_word' id='word_1_661' title='bbox 1029 4121 1109 4176; x_wconf 79' lang='lat' dir='ltr'>liber</span> <span class='ocrx_word' id='word_1_662' title='bbox 1119 4121 1167 4190; x_wconf 92' lang='lat' dir='ltr'>qui</span> <span class='ocrx_word' id='word_1_663' title='bbox 1183 4135 1212 4175; x_wconf 90' lang='lat' dir='ltr'>sc</span> <span class='ocrx_word' id='word_1_664' title='bbox 1224 4120 1284 4174; x_wconf 93' lang='lat' dir='ltr'>loco</span> <span class='ocrx_word' id='word_1_665' title='bbox 1296 4119 1375 4174; x_wconf 75' lang='lat' dir='ltr'>maelii</span> <span class='ocrx_word' id='word_1_666' title='bbox 1388 4120 1414 4173; x_wconf 92' lang='lat' dir='ltr'>in</span> <span class='ocrx_word' id='word_1_667' title='bbox 1432 4120 1544 4174; x_wconf 90' lang='lat' dir='ltr'>alterius</span> <span class='ocrx_word' id='word_1_668' title='bbox 1554 4126 1689 4189; x_wconf 82' lang='lat' dir='ltr'>potestate</span> <span class='ocrx_word' id='word_1_669' title='bbox 1705 4119 1729 4151; x_wconf 91' lang='lat'>⁸⁸</span> <span class='ocrx_word' id='word_1_670' title='bbox 1747 4136 1826 4175; x_wconf 90' lang='lat' dir='ltr'>oom-</span> 
     </span>
     <span class='ocr_line' id='line_1_75' title="bbox 1028 4209 1828 4280; baseline -0.004 -13"><span class='ocrx_word' id='word_1_671' title='bbox 1028 4212 1143 4277; x_wconf 90' lang='lat' dir='ltr'>miserit,</span> <span class='ocrx_word' id='word_1_672' title='bbox 1159 4211 1249 4280; x_wconf 91' lang='lat' dir='ltr'>ibique</span> <span class='ocrx_word' id='word_1_673' title='bbox 1260 4210 1423 4264; x_wconf 84' lang='lat' dir='ltr'>constitutus</span> <span class='ocrx_word' id='word_1_674' title='bbox 1439 4209 1567 4264; x_wconf 89' lang='lat' dir='ltr'>damnum</span> <span class='ocrx_word' id='word_1_675' title='bbox 1584 4209 1696 4277; x_wconf 86' lang='lat' dir='ltr'>aliquod</span> <span class='ocrx_word' id='word_1_676' title='bbox 1714 4211 1828 4265; x_wconf 87' lang='lat' dir='ltr'>cuilibet</span> 
     </span>
    </p>
   </div>
   <div class='ocr_carea' id='block_1_17' title="bbox 184 4297 1828 4557">
    <p class='ocr_par' dir='ltr' id='par_1_21' title="bbox 184 4297 1828 4557">
     <span class='ocr_line' id='line_1_76' title="bbox 184 4297 1828 4390; baseline 0.005 -41"><span class='ocrx_word' id='word_1_677' title='bbox 184 4297 293 4351; x_wconf 87' lang='lat' dir='ltr'>mittens</span> <span class='ocrx_word' id='word_1_678' title='bbox 307 4297 376 4352; x_wconf 84' lang='lat' dir='ltr'>intra</span> <span class='ocrx_word' id='word_1_679' title='bbox 389 4299 586 4353; x_wconf 90' lang='lat' dir='ltr'>immunitatem</span> <span class='ocrx_word' id='word_1_680' title='bbox 600 4298 707 4370; x_wconf 79' lang='lat' dir='ltr'>ingerit,</span> <span class='ocrx_word' id='word_1_681' title='bbox 723 4301 831 4355; x_wconf 91' lang='lat' dir='ltr'>mandet</span> <span class='ocrx_word' id='word_1_682' title='bbox 849 4317 940 4357; x_wconf 88' lang='lat' dir='ltr'>comcs</span> <span class='ocrx_word' id='word_1_683' title='bbox 955 4303 978 4334; x_wconf 89' lang='lat'>⁸⁸</span> <span class='ocrx_word' id='word_1_684' title='bbox 994 4303 1135 4390; x_wconf 61' lang='lat' dir='ltr'>olerent,</span> <span class='ocrx_word' id='word_1_685' title='bbox 1154 4304 1270 4372; x_wconf 90' lang='lat' dir='ltr'>quicum</span> <span class='ocrx_word' id='word_1_686' title='bbox 1285 4302 1312 4357; x_wconf 90' lang='lat' dir='ltr'>io</span> <span class='ocrx_word' id='word_1_687' title='bbox 1325 4303 1384 4357; x_wconf 88' lang='lat' dir='ltr'>loeo</span> <span class='ocrx_word' id='word_1_688' title='bbox 1397 4303 1477 4357; x_wconf 88' lang='lat' dir='ltr'>wadii</span> <span class='ocrx_word' id='word_1_689' title='bbox 1489 4302 1607 4375; x_wconf 81' lang='lat' dir='ltr'>suscepit</span> <span class='ocrx_word' id='word_1_690' title='bbox 1629 4311 1678 4356; x_wconf 91' lang='lat' dir='ltr'>aut</span> <span class='ocrx_word' id='word_1_691' title='bbox 1694 4302 1828 4359; x_wconf 85' lang='lat' dir='ltr'>damnum</span> 
     </span>
     <span class='ocr_line' id='line_1_77' title="bbox 185 4386 1826 4467; baseline 0.005 -28"><span class='ocrx_word' id='word_1_692' title='bbox 185 4386 373 4457; x_wconf 80' lang='lat' dir='ltr'>relepiscopo,</span> <span class='ocrx_word' id='word_1_693' title='bbox 388 4389 430 4443; x_wconf 85' lang='lat' dir='ltr'>vel</span> <span class='ocrx_word' id='word_1_694' title='bbox 448 4391 553 4455; x_wconf 87' lang='lat' dir='ltr'>abbati,</span> <span class='ocrx_word' id='word_1_695' title='bbox 567 4390 610 4443; x_wconf 84' lang='lat' dir='ltr'>rel</span> <span class='ocrx_word' id='word_1_696' title='bbox 633 4392 801 4467; x_wconf 80' lang='lat' dir='ltr'>vicedomino</span> <span class='ocrx_word' id='word_1_697' title='bbox 814 4393 845 4457; x_wconf 76' lang='lat'>⁸⁸,</span> <span class='ocrx_word' id='word_1_698' title='bbox 866 4394 907 4449; x_wconf 81' lang='lat' dir='ltr'>rel</span> <span class='ocrx_word' id='word_1_699' title='bbox 930 4394 977 4461; x_wconf 87' lang='lat' dir='ltr'>illi,</span> <span class='ocrx_word' id='word_1_700' title='bbox 1031 4398 1127 4462; x_wconf 80' lang='lat' dir='ltr'>soluat,</span> <span class='ocrx_word' id='word_1_701' title='bbox 1146 4403 1194 4451; x_wconf 93' lang='lat' dir='ltr'>aut</span> <span class='ocrx_word' id='word_1_702' title='bbox 1216 4395 1351 4450; x_wconf 90' lang='lat' dir='ltr'>bominem</span> <span class='ocrx_word' id='word_1_703' title='bbox 1369 4395 1394 4449; x_wconf 93' lang='lat' dir='ltr'>in</span> <span class='ocrx_word' id='word_1_704' title='bbox 1411 4394 1492 4448; x_wconf 91' lang='lat' dir='ltr'>mallo</span> <span class='ocrx_word' id='word_1_705' title='bbox 1508 4395 1669 4463; x_wconf 92' lang='lat' dir='ltr'>productum</span> <span class='ocrx_word' id='word_1_706' title='bbox 1692 4393 1826 4459; x_wconf 84' lang='lat' dir='ltr'>dimittat,</span> 
     </span>
     <span class='ocr_line' id='line_1_78' title="bbox 185 4479 1825 4557; baseline 0.005 -26"><span class='ocrx_word' id='word_1_707' title='bbox 185 4479 346 4547; x_wconf 89' lang='lat' dir='ltr'>quicumque</span> <span class='ocrx_word' id='word_1_708' title='bbox 370 4480 458 4534; x_wconf 91' lang='lat' dir='ltr'>locum</span> <span class='ocrx_word' id='word_1_709' title='bbox 483 4481 600 4551; x_wconf 80' lang='lat' dir='ltr'>episcopi</span> <span class='ocrx_word' id='word_1_710' title='bbox 627 4490 674 4535; x_wconf 90' lang='lat' dir='ltr'>aut</span> <span class='ocrx_word' id='word_1_711' title='bbox 687 4482 707 4512; x_wconf 73' lang='lat'>⁸⁷</span> <span class='ocrx_word' id='word_1_712' title='bbox 725 4481 830 4537; x_wconf 88' lang='lat' dir='ltr'>abbatis</span> <span class='ocrx_word' id='word_1_713' title='bbox 849 4479 977 4551; x_wconf 74' lang='lat' dir='ltr'>tenuerit,</span> <span class='ocrx_word' id='word_1_714' title='bbox 1030 4487 1145 4557; x_wconf 86' lang='lat' dir='ltr'>perdens</span> <span class='ocrx_word' id='word_1_715' title='bbox 1157 4484 1235 4539; x_wconf 90' lang='lat' dir='ltr'>simul</span> <span class='ocrx_word' id='word_1_716' title='bbox 1253 4485 1371 4539; x_wconf 91' lang='lat' dir='ltr'>debitum</span> <span class='ocrx_word' id='word_1_717' title='bbox 1384 4492 1494 4554; x_wconf 90' lang='lat' dir='ltr'>propter</span> <span class='ocrx_word' id='word_1_718' title='bbox 1511 4483 1581 4552; x_wconf 90' lang='lat' dir='ltr'>quod</span> <span class='ocrx_word' id='word_1_719' title='bbox 1593 4498 1656 4538; x_wconf 90' lang='lat' dir='ltr'>cum</span> <span class='ocrx_word' id='word_1_720' title='bbox 1667 4483 1691 4514; x_wconf 87' lang='lat'>⁸⁸</span> <span class='ocrx_word' id='word_1_721' title='bbox 1704 4498 1758 4553; x_wconf 91' lang='lat' dir='ltr'>pro</span> <span class='ocrx_word' id='word_1_722' title='bbox 1770 4500 1825 4539; x_wconf 82' lang='lat' dir='ltr'>ua-</span> 
     </span>
    </p>
   </div>
   <div class='ocr_carea' id='block_1_18' title="bbox 797 4614 1208 4676">
    <p class='ocr_par' dir='ltr' id='par_1_22' title="bbox 797 4614 1208 4676">
     <span class='ocr_line' id='line_1_79' title="bbox 797 4614 1208 4676; baseline -0.002 -6"><span class='ocrx_word' id='word_1_723' title='bbox 797 4614 992 4675; x_wconf 76' lang='lat' dir='ltr'>lelldNTES</span> <span class='ocrx_word' id='word_1_724' title='bbox 1009 4616 1208 4676; x_wconf 71' lang='lat' dir='ltr'>Lectiones.</span> 
     </span>
    </p>
   </div>
   <div class='ocr_carea' id='block_1_19' title="bbox 116 4702 1816 5674">
    <p class='ocr_par' dir='ltr' id='par_1_23' title="bbox 116 4702 1816 5674">
     <span class='ocr_line' id='line_1_80' title="bbox 222 4702 1816 4779; baseline -0.001 -16"><span class='ocrx_word' id='word_1_725' title='bbox 222 4710 228 4739; x_wconf 94' lang='lat'><strong>¹</strong></span> <span class='ocrx_word' id='word_1_726' title='bbox 242 4707 292 4764; x_wconf 81' lang='lat' dir='ltr'>hcc</span> <span class='ocrx_word' id='word_1_727' title='bbox 311 4707 357 4779; x_wconf 82' lang='lat' dir='ltr'>qui</span> <span class='ocrx_word' id='word_1_728' title='bbox 370 4706 387 4760; x_wconf 88' lang='lat' dir='ltr'>l.</span> <span class='ocrx_word' id='word_1_729' title='bbox 398 4709 425 4762; x_wconf 79' lang='lat'>5.</span> <span class='ocrx_word' id='word_1_730' title='bbox 477 4708 487 4736; x_wconf 86' lang='lat'>⁸</span> <span class='ocrx_word' id='word_1_731' title='bbox 503 4707 634 4776; x_wconf 66' lang='lat' dir='ltr'>renitentia</span> <span class='ocrx_word' id='word_1_732' title='bbox 653 4705 679 4759; x_wconf 77' lang='lat' dir='ltr'>d.</span> <span class='ocrx_word' id='word_1_733' title='bbox 692 4707 730 4776; x_wconf 88' lang='lat' dir='ltr'>(in</span> <span class='ocrx_word' id='word_1_734' title='bbox 744 4705 801 4760; x_wconf 85' lang='lat' dir='ltr'>ioco</span> <span class='ocrx_word' id='word_1_735' title='bbox 820 4724 935 4774; x_wconf 81' lang='lat' dir='ltr'>corroso,</span> <span class='ocrx_word' id='word_1_736' title='bbox 949 4728 965 4764; x_wconf 87' lang='lat' dir='ltr'>o</span> <span class='ocrx_word' id='word_1_737' title='bbox 981 4727 1063 4765; x_wconf 82' lang='lat' dir='ltr'>monn</span> <span class='ocrx_word' id='word_1_738' title='bbox 1084 4707 1190 4778; x_wconf 87' lang='lat' dir='ltr'>recent).</span> <span class='ocrx_word' id='word_1_739' title='bbox 1204 4705 1237 4761; x_wconf 86' lang='lat' dir='ltr'>G.</span> <span class='ocrx_word' id='word_1_740' title='bbox 1249 4705 1339 4761; x_wconf 79' lang='lat' dir='ltr'>Comi.</span> <span class='ocrx_word' id='word_1_741' title='bbox 1366 4705 1423 4760; x_wconf 81' lang='lat' dir='ltr'>Vnt.</span> <span class='ocrx_word' id='word_1_742' title='bbox 1438 4704 1520 4773; x_wconf 85' lang='lat' dir='ltr'>Sonq.</span> <span class='ocrx_word' id='word_1_743' title='bbox 1543 4703 1567 4756; x_wconf 86' lang='lat' dir='ltr'>i.</span> <span class='ocrx_word' id='word_1_744' title='bbox 1591 4702 1667 4757; x_wconf 79' lang='lat' dir='ltr'>toto.</span> <span class='ocrx_word' id='word_1_745' title='bbox 1690 4706 1730 4759; x_wconf 83' lang='lat' dir='ltr'>ito</span> <span class='ocrx_word' id='word_1_746' title='bbox 1751 4709 1816 4760; x_wconf 82' lang='lat' dir='ltr'>eriri-</span> 
     </span>
     <span class='ocr_line' id='line_1_81' title="bbox 183 4775 1814 4847; baseline 0 -16"><span class='ocrx_word' id='word_1_747' title='bbox 183 4779 263 4833; x_wconf 86' lang='lat' dir='ltr'>bent:</span> <span class='ocrx_word' id='word_1_748' title='bbox 285 4779 340 4832; x_wconf 83' lang='lat' dir='ltr'>ior.</span> <span class='ocrx_word' id='word_1_749' title='bbox 353 4779 399 4847; x_wconf 91' lang='lat' dir='ltr'>qui</span> <span class='ocrx_word' id='word_1_750' title='bbox 417 4778 468 4831; x_wconf 86' lang='lat' dir='ltr'>hnc</span> <span class='ocrx_word' id='word_1_751' title='bbox 484 4777 595 4837; x_wconf 86' lang='lat' dir='ltr'>iaciunt,</span> <span class='ocrx_word' id='word_1_752' title='bbox 611 4777 737 4846; x_wconf 85' lang='lat' dir='ltr'>deinceps</span> <span class='ocrx_word' id='word_1_753' title='bbox 749 4787 862 4832; x_wconf 85' lang='lat' dir='ltr'>careant</span> <span class='ocrx_word' id='word_1_754' title='bbox 873 4793 902 4832; x_wconf 87' lang='lat' dir='ltr'>sc</span> <span class='ocrx_word' id='word_1_755' title='bbox 913 4781 1024 4835; x_wconf 92' lang='lat' dir='ltr'>omnino</span> <span class='ocrx_word' id='word_1_756' title='bbox 1038 4795 1054 4834; x_wconf 92' lang='lat' dir='ltr'>a</span> <span class='ocrx_word' id='word_1_757' title='bbox 1069 4779 1177 4840; x_wconf 81' lang='lat' dir='ltr'>talibus,</span> <span class='ocrx_word' id='word_1_758' title='bbox 1192 4793 1224 4830; x_wconf 93' lang='lat' dir='ltr'>ne</span> <span class='ocrx_word' id='word_1_759' title='bbox 1235 4792 1249 4829; x_wconf 90' lang='lat' dir='ltr'>a</span> <span class='ocrx_word' id='word_1_760' title='bbox 1262 4777 1378 4846; x_wconf 86' lang='lat' dir='ltr'>propriis</span> <span class='ocrx_word' id='word_1_761' title='bbox 1393 4775 1539 4830; x_wconf 89' lang='lat' dir='ltr'>honoribus</span> <span class='ocrx_word' id='word_1_762' title='bbox 1554 4783 1608 4827; x_wconf 88' lang='lat' dir='ltr'>eta</span> <span class='ocrx_word' id='word_1_763' title='bbox 1625 4776 1739 4844; x_wconf 89' lang='lat' dir='ltr'>proprio</span> <span class='ocrx_word' id='word_1_764' title='bbox 1753 4780 1814 4841; x_wconf 88' lang='lat' dir='ltr'>solo,</span> 
     </span>
     <span class='ocr_line' id='line_1_82' title="bbox 183 4842 1813 4918; baseline 0 -16"><span class='ocrx_word' id='word_1_765' title='bbox 183 4867 198 4902; x_wconf 90' lang='lat' dir='ltr'>a</span> <span class='ocrx_word' id='word_1_766' title='bbox 214 4848 260 4904; x_wconf 78' lang='lat' dir='ltr'>lici</span> <span class='ocrx_word' id='word_1_767' title='bbox 283 4849 380 4918; x_wconf 78' lang='lat' dir='ltr'>gratia,</span> <span class='ocrx_word' id='word_1_768' title='bbox 397 4856 423 4902; x_wconf 91' lang='lat' dir='ltr'>ct</span> <span class='ocrx_word' id='word_1_769' title='bbox 435 4855 525 4902; x_wconf 86' lang='lat' dir='ltr'>nostra</span> <span class='ocrx_word' id='word_1_770' title='bbox 537 4857 660 4901; x_wconf 80' lang='lat' dir='ltr'>extorres</span> <span class='ocrx_word' id='word_1_771' title='bbox 674 4850 748 4900; x_wconf 86' lang='lat' dir='ltr'>tiam.</span> <span class='ocrx_word' id='word_1_772' title='bbox 799 4844 971 4904; x_wconf 67' lang='lat' dir='ltr'>’dilatamb</span> <span class='ocrx_word' id='word_1_773' title='bbox 1029 4847 1241 4917; x_wconf 67' lang='lat' dir='ltr'>‘fatiganturb</span> <span class='ocrx_word' id='word_1_774' title='bbox 1267 4848 1299 4900; x_wconf 84' lang='lat' dir='ltr'>n.</span> <span class='ocrx_word' id='word_1_775' title='bbox 1356 4845 1474 4915; x_wconf 78' lang='lat' dir='ltr'>⁸luqati</span> <span class='ocrx_word' id='word_1_776' title='bbox 1500 4844 1532 4897; x_wconf 84' lang='lat' dir='ltr'>G.</span> <span class='ocrx_word' id='word_1_777' title='bbox 1555 4842 1621 4895; x_wconf 74' lang='lat' dir='ltr'>ibn.</span> <span class='ocrx_word' id='word_1_778' title='bbox 1656 4842 1813 4910; x_wconf 69' lang='lat' dir='ltr'>lunser.</span> 
     </span>
     <span class='ocr_line' id='line_1_83' title="bbox 116 4865 1811 4974; baseline -0.002 -1"><span class='ocrx_word' id='word_1_779' title='bbox 116 4936 127 4957; x_wconf 51' lang='grc' dir='ltr'><strong>ι</strong></span> <span class='ocrx_word' id='word_1_780' title='bbox 184 4920 210 4973; x_wconf 84' lang='lat' dir='ltr'>l.</span> <span class='ocrx_word' id='word_1_781' title='bbox 233 4916 672 4974; x_wconf 67' lang='lat' dir='ltr'>Coid.‘idesetldcrnntd</span> <span class='ocrx_word' id='word_1_782' title='bbox 711 4917 757 4970; x_wconf 78' lang='lat' dir='ltr'>⁸l.</span> <span class='ocrx_word' id='word_1_783' title='bbox 772 4918 889 4972; x_wconf 80' lang='lat' dir='ltr'>nesciret</span> <span class='ocrx_word' id='word_1_784' title='bbox 904 4920 939 4972; x_wconf 81' lang='grc' dir='ltr'>ι’.</span> <span class='ocrx_word' id='word_1_785' title='bbox 976 4916 1191 4974; x_wconf 74' lang='lat' dir='ltr'>⁸deertd.llld</span> <span class='ocrx_word' id='word_1_786' title='bbox 1218 4916 1278 4970; x_wconf 84' lang='lat' dir='ltr'>Boi.</span> <span class='ocrx_word' id='word_1_787' title='bbox 1316 4917 1451 4972; x_wconf 86' lang='lat' dir='ltr'>⁸illist&#39;.</span> <span class='ocrx_word' id='word_1_788' title='bbox 1500 4913 1656 4967; x_wconf 81' lang='lat' dir='ltr'>¹⁸deesti&#39;.</span> <span class='ocrx_word' id='word_1_789' title='bbox 1707 4865 1811 4972; x_wconf 62' lang='lat' dir='ltr'>nuti.</span> 
     </span>
     <span class='ocr_line' id='line_1_84' title="bbox 182 4982 1813 5058; baseline -0.001 -14"><span class='ocrx_word' id='word_1_790' title='bbox 182 4990 223 5045; x_wconf 84' lang='lat' dir='ltr'>sic</span> <span class='ocrx_word' id='word_1_791' title='bbox 236 4988 269 5043; x_wconf 87' lang='lat' dir='ltr'>G.</span> <span class='ocrx_word' id='word_1_792' title='bbox 284 5005 306 5045; x_wconf 91' lang='lat' dir='ltr'>s.</span> <span class='ocrx_word' id='word_1_793' title='bbox 323 4989 435 5044; x_wconf 83' lang='lat' dir='ltr'>drrrriter</span> <span class='ocrx_word' id='word_1_794' title='bbox 450 4988 535 5042; x_wconf 86' lang='lat' dir='ltr'>nescit</span> <span class='ocrx_word' id='word_1_795' title='bbox 548 4987 640 5043; x_wconf 82' lang='lat' dir='ltr'>a.5b.</span> <span class='ocrx_word' id='word_1_796' title='bbox 680 4989 700 5017; x_wconf 85' lang='lat'>¹⁸</span> <span class='ocrx_word' id='word_1_797' title='bbox 714 5003 739 5040; x_wconf 92' lang='lat' dir='ltr'>a.</span> <span class='ocrx_word' id='word_1_798' title='bbox 756 4988 779 5042; x_wconf 92' lang='lat' dir='ltr'>si</span> <span class='ocrx_word' id='word_1_799' title='bbox 792 5004 820 5058; x_wconf 92' lang='lat' dir='ltr'>p.</span> <span class='ocrx_word' id='word_1_800' title='bbox 845 4987 888 5043; x_wconf 89' lang='lat' dir='ltr'>ille</span> <span class='ocrx_word' id='word_1_801' title='bbox 901 4989 934 5042; x_wconf 84' lang='lat' dir='ltr'>n.</span> <span class='ocrx_word' id='word_1_802' title='bbox 973 4990 994 5021; x_wconf 89' lang='lat'>¹⁸</span> <span class='ocrx_word' id='word_1_803' title='bbox 1007 4990 1146 5046; x_wconf 76' lang='lat' dir='ltr'>conuictus</span> <span class='ocrx_word' id='word_1_804' title='bbox 1159 4988 1185 5041; x_wconf 84' lang='lat' dir='ltr'>d.</span> <span class='ocrx_word' id='word_1_805' title='bbox 1204 4987 1230 5040; x_wconf 89' lang='grc'>6.</span> <span class='ocrx_word' id='word_1_806' title='bbox 1247 4987 1353 5041; x_wconf 64' lang='lat' dir='ltr'>duat.</span> <span class='ocrx_word' id='word_1_807' title='bbox 1407 4987 1527 5039; x_wconf 77' lang='lat' dir='ltr'>¹⁸aut5.</span> <span class='ocrx_word' id='word_1_808' title='bbox 1566 4982 1588 5013; x_wconf 85' lang='lat'>¹⁸</span> <span class='ocrx_word' id='word_1_809' title='bbox 1609 4998 1813 5058; x_wconf 76' lang='lat' dir='ltr'>aquarumque</span> 
     </span>
     <span class='ocr_line' id='line_1_85' title="bbox 184 5052 1814 5130; baseline -0.004 -15"><span class='ocrx_word' id='word_1_810' title='bbox 184 5054 309 5130; x_wconf 67' lang='lat' dir='ltr'>re&#39;liirip‘.</span> <span class='ocrx_word' id='word_1_811' title='bbox 350 5058 512 5128; x_wconf 70' lang='lat' dir='ltr'>¹⁸2qnil‘.i.</span> <span class='ocrx_word' id='word_1_812' title='bbox 526 5057 558 5111; x_wconf 84' lang='lat' dir='ltr'>G.</span> <span class='ocrx_word' id='word_1_813' title='bbox 599 5059 619 5088; x_wconf 84' lang='lat'>⁸⁷</span> <span class='ocrx_word' id='word_1_814' title='bbox 641 5058 769 5113; x_wconf 66' lang='lat' dir='ltr'>ccccl‘..</span> <span class='ocrx_word' id='word_1_815' title='bbox 804 5056 1301 5128; x_wconf 77' lang='lat' dir='ltr'>¹⁸cornpooaturi.etnirnrourl&#39;.</span> <span class='ocrx_word' id='word_1_816' title='bbox 1329 5063 1547 5124; x_wconf 84' lang='lat' dir='ltr'>ertotumcaput.</span> <span class='ocrx_word' id='word_1_817' title='bbox 1594 5052 1615 5083; x_wconf 87' lang='lat'>¹⁸</span> <span class='ocrx_word' id='word_1_818' title='bbox 1631 5071 1664 5109; x_wconf 89' lang='lat' dir='ltr'>oc</span> <span class='ocrx_word' id='word_1_819' title='bbox 1680 5057 1717 5120; x_wconf 79' lang='grc' dir='ltr'>ι’,</span> <span class='ocrx_word' id='word_1_820' title='bbox 1744 5056 1765 5114; x_wconf 84' lang='lat' dir='ltr'><strong><em>G</em></strong></span> <span class='ocrx_word' id='word_1_821' title='bbox 1788 5074 1814 5112; x_wconf 79' lang='lat' dir='ltr'>ee</span> 
     </span>
     <span class='ocr_line' id='line_1_86' title="bbox 185 5074 1811 5200; baseline -0.002 -17"><span class='ocrx_word' id='word_1_822' title='bbox 185 5143 253 5183; x_wconf 86' lang='lat' dir='ltr'>corr.</span> <span class='ocrx_word' id='word_1_823' title='bbox 293 5131 314 5161; x_wconf 86' lang='lat'>’⁸</span> <span class='ocrx_word' id='word_1_824' title='bbox 329 5146 409 5185; x_wconf 84' lang='lat' dir='ltr'>occec</span> <span class='ocrx_word' id='word_1_825' title='bbox 424 5147 456 5184; x_wconf 81' lang='lat' dir='ltr'>ex</span> <span class='ocrx_word' id='word_1_826' title='bbox 467 5144 534 5183; x_wconf 89' lang='lat' dir='ltr'>corr.</span> <span class='ocrx_word' id='word_1_827' title='bbox 552 5130 588 5182; x_wconf 76' lang='grc' dir='ltr'>ι’.</span> <span class='ocrx_word' id='word_1_828' title='bbox 603 5126 636 5183; x_wconf 84' lang='lat' dir='ltr'>G.</span> <span class='ocrx_word' id='word_1_829' title='bbox 674 5130 696 5159; x_wconf 89' lang='lat'>¹¹</span> <span class='ocrx_word' id='word_1_830' title='bbox 711 5143 736 5180; x_wconf 84' lang='lat' dir='ltr'>c..</span> <span class='ocrx_word' id='word_1_831' title='bbox 758 5128 854 5183; x_wconf 77' lang='lat' dir='ltr'>devita</span> <span class='ocrx_word' id='word_1_832' title='bbox 880 5145 968 5200; x_wconf 93' lang='lat' dir='ltr'>comp.</span> <span class='ocrx_word' id='word_1_833' title='bbox 982 5130 1028 5200; x_wconf 91' lang='lat' dir='ltr'>qui</span> <span class='ocrx_word' id='word_1_834' title='bbox 1046 5127 1079 5182; x_wconf 85' lang='lat' dir='ltr'>G.</span> <span class='ocrx_word' id='word_1_835' title='bbox 1093 5145 1125 5183; x_wconf 79' lang='lat' dir='ltr'>ea</span> <span class='ocrx_word' id='word_1_836' title='bbox 1136 5145 1205 5181; x_wconf 85' lang='lat' dir='ltr'>corr.</span> <span class='ocrx_word' id='word_1_837' title='bbox 1217 5143 1282 5183; x_wconf 87' lang='lat' dir='ltr'>nccc</span> <span class='ocrx_word' id='word_1_838' title='bbox 1296 5074 1360 5180; x_wconf 63' lang='lat' dir='ltr'>tito.</span> <span class='ocrx_word' id='word_1_839' title='bbox 1399 5124 1527 5179; x_wconf 72' lang='lat' dir='ltr'>&#39;’nond.</span> <span class='ocrx_word' id='word_1_840' title='bbox 1576 5122 1811 5182; x_wconf 76' lang='lat' dir='ltr'>’&#39;occcceccorr.</span> 
     </span>
     <span class='ocr_line' id='line_1_87' title="bbox 186 5193 1813 5268; baseline -0.001 -15"><span class='ocrx_word' id='word_1_841' title='bbox 186 5198 272 5254; x_wconf 82' lang='lat' dir='ltr'>l&#39;.G.</span> <span class='ocrx_word' id='word_1_842' title='bbox 320 5199 573 5268; x_wconf 84' lang='lat' dir='ltr'>⁸⁸oernponaturl.</span> <span class='ocrx_word' id='word_1_843' title='bbox 622 5199 784 5253; x_wconf 80' lang='lat' dir='ltr'>&#39;⁸corniti5.</span> <span class='ocrx_word' id='word_1_844' title='bbox 839 5199 1106 5256; x_wconf 70' lang='lat' dir='ltr'>”vicedominicob</span> <span class='ocrx_word' id='word_1_845' title='bbox 1154 5199 1176 5229; x_wconf 78' lang='lat'>⁸⁷</span> <span class='ocrx_word' id='word_1_846' title='bbox 1193 5197 1235 5251; x_wconf 83' lang='lat' dir='ltr'>rel</span> <span class='ocrx_word' id='word_1_847' title='bbox 1254 5198 1287 5250; x_wconf 82' lang='lat' dir='ltr'>l&#39;.</span> <span class='ocrx_word' id='word_1_848' title='bbox 1301 5197 1332 5250; x_wconf 84' lang='grc' dir='ltr'>Β.</span> <span class='ocrx_word' id='word_1_849' title='bbox 1370 5196 1444 5250; x_wconf 89' lang='lat' dir='ltr'>⁸⁸illi</span> <span class='ocrx_word' id='word_1_850' title='bbox 1465 5197 1490 5249; x_wconf 87' lang='lat' dir='ltr'>l.</span> <span class='ocrx_word' id='word_1_851' title='bbox 1511 5193 1591 5248; x_wconf 54' lang='lat' dir='ltr'>issi.</span> <span class='ocrx_word' id='word_1_852' title='bbox 1642 5194 1664 5225; x_wconf 86' lang='lat'>⁸⁸</span> <span class='ocrx_word' id='word_1_853' title='bbox 1687 5198 1770 5252; x_wconf 89' lang='lat' dir='ltr'>aliam</span> <span class='ocrx_word' id='word_1_854' title='bbox 1786 5198 1813 5252; x_wconf 86' lang='lat' dir='ltr'>tt.</span> 
     </span>
     <span class='ocr_line' id='line_1_88' title="bbox 186 5264 1812 5339; baseline -0.001 -16"><span class='ocrx_word' id='word_1_855' title='bbox 186 5269 208 5299; x_wconf 84' lang='lat'>¹⁸</span> <span class='ocrx_word' id='word_1_856' title='bbox 233 5285 295 5323; x_wconf 89' lang='lat' dir='ltr'>cum</span> <span class='ocrx_word' id='word_1_857' title='bbox 322 5271 523 5339; x_wconf 85' lang='lat' dir='ltr'>inquisitionem</span> <span class='ocrx_word' id='word_1_858' title='bbox 543 5269 636 5323; x_wconf 82' lang='lat' dir='ltr'>derunt</span> <span class='ocrx_word' id='word_1_859' title='bbox 656 5269 688 5322; x_wconf 79' lang='lat' dir='ltr'>d.</span> <span class='ocrx_word' id='word_1_860' title='bbox 728 5268 749 5300; x_wconf 84' lang='lat'>⁸¹</span> <span class='ocrx_word' id='word_1_861' title='bbox 778 5267 921 5324; x_wconf 82' lang='lat' dir='ltr'>leceritl&#39;.</span> <span class='ocrx_word' id='word_1_862' title='bbox 944 5271 970 5324; x_wconf 86' lang='lat' dir='ltr'>o.</span> <span class='ocrx_word' id='word_1_863' title='bbox 1025 5271 1046 5302; x_wconf 88' lang='lat'>⁸¹</span> <span class='ocrx_word' id='word_1_864' title='bbox 1065 5270 1140 5324; x_wconf 93' lang='lat' dir='ltr'>illum</span> <span class='ocrx_word' id='word_1_865' title='bbox 1157 5269 1192 5321; x_wconf 85' lang='lat' dir='ltr'>l&#39;.</span> <span class='ocrx_word' id='word_1_866' title='bbox 1247 5268 1270 5299; x_wconf 82' lang='lat'>⁸¹</span> <span class='ocrx_word' id='word_1_867' title='bbox 1288 5268 1386 5322; x_wconf 90' lang='lat' dir='ltr'>retinet</span> <span class='ocrx_word' id='word_1_868' title='bbox 1404 5264 1600 5320; x_wconf 89' lang='lat' dir='ltr'>immunitatem</span> <span class='ocrx_word' id='word_1_869' title='bbox 1613 5264 1767 5320; x_wconf 77' lang='lat' dir='ltr'>exciderunt</span> <span class='ocrx_word' id='word_1_870' title='bbox 1782 5269 1812 5321; x_wconf 82' lang='grc' dir='ltr'>ι’.</span> 
     </span>
     <span class='ocr_line' id='line_1_89' title="bbox 186 5332 1813 5395; baseline 0 -3"><span class='ocrx_word' id='word_1_871' title='bbox 186 5338 208 5370; x_wconf 88' lang='lat'>⁸⁸</span> <span class='ocrx_word' id='word_1_872' title='bbox 223 5339 371 5394; x_wconf 69' lang='lat' dir='ltr'>diescit.</span> <span class='ocrx_word' id='word_1_873' title='bbox 410 5341 512 5395; x_wconf 83' lang='lat' dir='ltr'>⁸⁸dcest</span> <span class='ocrx_word' id='word_1_874' title='bbox 528 5339 589 5393; x_wconf 72' lang='lat' dir='ltr'>bd.</span> <span class='ocrx_word' id='word_1_875' title='bbox 605 5338 637 5394; x_wconf 87' lang='lat' dir='ltr'>G.</span> <span class='ocrx_word' id='word_1_876' title='bbox 688 5338 968 5394; x_wconf 81' lang='lat' dir='ltr'>³⁸relatid.G.Bul.</span> <span class='ocrx_word' id='word_1_877' title='bbox 1007 5337 1374 5394; x_wconf 74' lang='lat' dir='ltr'>⁸&#39;orcccecorrcet.l‘.(i.</span> <span class='ocrx_word' id='word_1_878' title='bbox 1412 5335 1556 5389; x_wconf 76' lang='lat' dir='ltr'>⁸⁸deertb.</span> <span class='ocrx_word' id='word_1_879' title='bbox 1594 5332 1692 5389; x_wconf 87' lang='lat' dir='ltr'>⁸⁸cum</span> <span class='ocrx_word' id='word_1_880' title='bbox 1706 5338 1813 5392; x_wconf 81' lang='lat' dir='ltr'>collecta</span> 
     </span>
     <span class='ocr_line' id='line_1_90' title="bbox 185 5403 1815 5479; baseline 0 -17"><span class='ocrx_word' id='word_1_881' title='bbox 185 5407 250 5463; x_wconf 67' lang='lat' dir='ltr'>nd.</span> <span class='ocrx_word' id='word_1_882' title='bbox 289 5409 565 5466; x_wconf 70' lang='lat' dir='ltr'>⁸⁸ncceeccorr.(=&#39;.</span> <span class='ocrx_word' id='word_1_883' title='bbox 616 5410 676 5479; x_wconf 86' lang='lat' dir='ltr'>⁸¹p.</span> <span class='ocrx_word' id='word_1_884' title='bbox 693 5427 728 5464; x_wconf 91' lang='lat' dir='ltr'>m.</span> <span class='ocrx_word' id='word_1_885' title='bbox 743 5411 761 5464; x_wconf 94' lang='lat' dir='ltr'>i.</span> <span class='ocrx_word' id='word_1_886' title='bbox 776 5410 868 5463; x_wconf 81' lang='lat' dir='ltr'>denunt</span> <span class='ocrx_word' id='word_1_887' title='bbox 886 5408 918 5463; x_wconf 77' lang='lat' dir='ltr'>d.</span> <span class='ocrx_word' id='word_1_888' title='bbox 933 5410 1000 5466; x_wconf 82' lang='lat' dir='ltr'>l&#39;iru.</span> <span class='ocrx_word' id='word_1_889' title='bbox 1020 5408 1080 5464; x_wconf 86' lang='lat' dir='ltr'>Vnt.</span> <span class='ocrx_word' id='word_1_890' title='bbox 1096 5408 1178 5479; x_wconf 86' lang='lat' dir='ltr'>Sonq.</span> <span class='ocrx_word' id='word_1_891' title='bbox 1195 5410 1219 5460; x_wconf 86' lang='lat' dir='ltr'>l.</span> <span class='ocrx_word' id='word_1_892' title='bbox 1234 5407 1307 5462; x_wconf 78' lang='lat' dir='ltr'>doto.</span> <span class='ocrx_word' id='word_1_893' title='bbox 1361 5403 1620 5460; x_wconf 82' lang='lat' dir='ltr'>⁸&#39;r.c.deartnti&#39;.</span> <span class='ocrx_word' id='word_1_894' title='bbox 1674 5405 1697 5435; x_wconf 88' lang='lat'>⁸⁸</span> <span class='ocrx_word' id='word_1_895' title='bbox 1714 5407 1732 5461; x_wconf 91' lang='lat' dir='ltr'>i.</span> <span class='ocrx_word' id='word_1_896' title='bbox 1753 5408 1815 5462; x_wconf 80' lang='lat' dir='ltr'>urile</span> 
     </span>
     <span class='ocr_line' id='line_1_91' title="bbox 185 5472 1815 5549; baseline 0 -17"><span class='ocrx_word' id='word_1_897' title='bbox 185 5477 244 5532; x_wconf 82' lang='lat' dir='ltr'>td.</span> <span class='ocrx_word' id='word_1_898' title='bbox 260 5477 285 5532; x_wconf 86' lang='grc'>6.</span> <span class='ocrx_word' id='word_1_899' title='bbox 325 5479 854 5549; x_wconf 67' lang='lat' dir='ltr'>⁸⁸etille....conaprobm‘eritdesnntti.</span> <span class='ocrx_word' id='word_1_900' title='bbox 894 5477 1146 5536; x_wconf 81' lang='lat' dir='ltr'>⁸⁸dislractal&#39;.G.</span> <span class='ocrx_word' id='word_1_901' title='bbox 1184 5472 1815 5549; x_wconf 53' lang='lat' dir='ltr'>⁸⁸uuirdgilduml‘.B.rurrdgilduml.nuidr»</span> 
     </span>
     <span class='ocr_line' id='line_1_92' title="bbox 183 5545 1811 5674; baseline -0.001 -70"><span class='ocrx_word' id='word_1_902' title='bbox 183 5546 559 5674; x_wconf 45' lang='grc' dir='ltr'>εῑιὲειῖιδῦιιιιιιςίιιιιηιβ.</span> <span class='ocrx_word' id='word_1_903' title='bbox 585 5550 816 5620; x_wconf 76' lang='lat' dir='ltr'>trucrugeldumd.</span> <span class='ocrx_word' id='word_1_904' title='bbox 840 5551 986 5620; x_wconf 63' lang='lat' dir='ltr'>{inscripsisti</span> <span class='ocrx_word' id='word_1_905' title='bbox 1010 5549 1036 5604; x_wconf 85' lang='lat' dir='ltr'>o.</span> <span class='ocrx_word' id='word_1_906' title='bbox 1088 5548 1108 5580; x_wconf 82' lang='lat'>⁸⁸</span> <span class='ocrx_word' id='word_1_907' title='bbox 1123 5545 1263 5602; x_wconf 88' lang='lat' dir='ltr'>tradiderit</span> <span class='ocrx_word' id='word_1_908' title='bbox 1281 5548 1307 5601; x_wconf 76' lang='lat'>5.</span> <span class='ocrx_word' id='word_1_909' title='bbox 1330 5549 1400 5601; x_wconf 82' lang='lat' dir='ltr'>deest</span> <span class='ocrx_word' id='word_1_910' title='bbox 1418 5548 1454 5601; x_wconf 81' lang='grc' dir='ltr'>ι’.</span> <span class='ocrx_word' id='word_1_911' title='bbox 1489 5545 1527 5628; x_wconf 35' lang='grc'>-“</span> <span class='ocrx_word' id='word_1_912' title='bbox 1549 5551 1712 5613; x_wconf 84' lang='lat' dir='ltr'>potestatem</span> <span class='ocrx_word' id='word_1_913' title='bbox 1734 5550 1760 5603; x_wconf 80' lang='lat'>5.</span> <span class='ocrx_word' id='word_1_914' title='bbox 1784 5547 1811 5603; x_wconf 87' lang='lat' dir='ltr'>tt.</span> 
     </span>
    </p>
   </div>
   <div class='ocr_carea' id='block_1_20' title="bbox 0 0 1921 6112">
    <p class='ocr_par' dir='ltr' id='par_1_24' title="bbox 0 0 1921 6112">
     <span class='ocr_line' id='line_1_93' title="bbox 0 0 1921 6112; baseline 0 0"><span class='ocrx_word' id='word_1_915' title='bbox 0 0 1921 6112; x_wconf 95' lang='lat' dir='ltr'> </span> 
     </span>
    </p>
   </div>
  </div>
 </body>
</html>
