3826 6112
133 288 183 347 aet

551 275 580 336 ll.
599 281 724 337 cattoit
743 282 849 338 lldGNl
868 282 943 339 OPP.
965 280 1054 336 PARS
1072 280 1093 334 l.
1113 279 1233 337 SECTlO
1253 276 1373 334 enixa.

1731 282 1787 339 388

170 399 215 454 di.
232 397 265 454 777
276 395 370 460 6777766,
386 393 562 463 praepositus,
587 392 628 446 vel
649 393 781 456 decanus,
805 393 966 461 qrranxvish
1019 391 1048 444 77
1067 390 1088 444 ³.
1112 391 1121 430 i
1143 391 1177 446 b't
1201 392 1308 460 7676666
1327 389 1426 444 iratres
1445 390 1548 445 6667776
1566 400 1688 462 tempora
1714 393 1783 450 76777.

134 487 286 562 6766677677
312 502 365 542 666
388 486 452 549 6767,
472 485 619 539 lectoribus
642 486 860 540 benedictionem
883 486 933 539 tri-

134 583 231 640 buaut.

170 672 215 727 67.
228 669 262 726 th
284 667 355 723 docti
376 665 473 721 tratres
495 666 638 737 eligantur,
658 668 703 736 qui
720 683 782 723 cum
807 682 934 737 superre-

135 762 271 816 nieutihus
289 758 429 812 monachis
443 770 454 797 ¹¹
470 758 626 826 loquantur.

170 849 241 904 ott
261 848 297 903 Ut
316 849 348 902 de
363 847 435 902 tuno
446 847 550 902 incerto
562 848 649 902 oratio
666 848 793 916 primum,
813 858 840 903 ct
861 856 934 917 post·

134 953 166 996 ea
191 938 436 995 excommunicatio
461 954 476 992 a
500 954 613 1007 corpore
636 949 663 994 et
682 940 811 1009 sanguine
829 939 932 995 Christi

135 1035 192 1096 liat,
205 1044 345 1101 quousque
356 1030 498 1099 eulpahills'
509 1031 681 1085 6666766767.

170 1121 214 1175 66.
227 1120 262 1175 777
273 1119 297 1174 67
308 1118 394 1174 776767
406 1120 536 1173 aduersus
550 1119 663 1173 tratrem
675 1119 933 1192 proqualihetculpa

135 1210 320 1267 testimonium
335 1210 490 1279 protulerit,
511 1209 589 1263 766767
612 1209 768 1278 perfectiori
792 1213 931 1266 credatur.

170 1302 214 1356 66.
229 1302 265 1358 777
276 1301 396 1370 psalmus
409 1301 581 1355 invitatorius
594 1308 621 1355 et
632 1299 724 1355 Cierio
735 1316 785 1370 pro
798 1301 933 1359 dcsuuctis

136 1404 189 1446 non
203 1400 339 1445 cantetur.

171 1480 215 1534 67.
231 1480 267 1535 Ut
284 1480 393 1535 lectore
411 1480 528 1535 stando¹
547 1480 762 1535 benedictionem
779 1483 907 1551 postulet.

171 1571 215 1628 68.
231 1571 267 1627 777
281 1571 294 1612 ‘¹
306 1571 429 1642 eirlogiae
451 1570 613 1626 7767776676
634 1572 801 1642 presbyteris
821 1572 933 1638 inrese-

137 1663 226 1718 ctorio
239 1664 348 1718 dentur.

986 496 1060 549 nant,
1075 495 1135 555 post
1146 495 1251 540 sextam
1267 486 1415 540 dormiant.

1019 578 1063 632 77.
1078 578 1113 633 777
1132 579 1219 647 isqui
1238 590 1325 632 noxae
1344 576 1422 645 culpa
1444 584 1563 639 tenetur,
1586 575 1630 631 dio
1645 575 1791 633 6677776766

984 671 1123 725 7676766766
1140 672 1247 733 77677667,
1266 677 1293 724 67
1310 669 1417 722 7667676
1438 683 1490 723 666
1504 676 1588 736 petat.

1020 763 1064 817 75.
1085 761 1119 817 Ut
1130 777 1181 830 pro
1197 763 1296 816 abbate
1308 760 1435 816 66766676
1447 760 1664 813 666776666776777
1681 758 1729 814 7767
1746 757 1790 813 67-

984 853 1087 908 delum.

1020 943 1053 996 77
1067 944 1088 996 i.
1105 943 1138 999 lit
1157 945 1191 998 66
1215 945 1324 997 missam
1347 943 1462 1000 Sanctae
1487 944 1612 1000 stantes·
1629 955 1657 999 et
1671 946 1686 986 Ι
1701 944 1789 1003 Pater

985 1043 1072 1090 667766
1082 1050 1168 1104 genua
1180 1034 1319 1089 flectentes
1330 1034 1432 1090 dicant.

1020 1124 1063 1178 76.
1083 1125 1117 1181 Ut
1136 1124 1226 1181 nullus
1243 1139 1293 1194 pro
1306 1139 1419 1179 munere
1438 1126 1586 1193 recipiatur
1602 1125 1629 1178 in
1645 1134 1790 1181 monaste-

985 1212 1036 1277 rio,
1057 1213 1108 1267 nisi
1130 1229 1209 1282 767676
1222 1214 1293 1269 bona
1316 1213 1443 1268 uoluntas
1455 1222 1483 1268 et
1501 1229 1607 1268 7667667
1620 1213 1632 1245 ⁸
1645 1228 1791 1271 commen·

985 1305 1032 1357 dat
1044 1305 1176 1372 protritus.

1020 1392 1062 1447 76.
1079 1394 1113 1449 777
1128 1395 1274 1464 uuicuique
1284 1394 1362 1449 tratri
1374 1395 1402 1448 in
1417 1394 1478 1449 cibo
1492 1403 1520 1448 et
1533 1394 1559 1448 in
1571 1404 1637 1464 potu
1651 1411 1701 1450 sna
1713 1410 1790 1452 men»

985 1499 1048 1538 sura
1070 1484 1216 1554 separatim
1241 1486 1329 1551 detur,
1349 1486 1422 1540 6766
1435 1486 1491 1555 ipsa
1510 1501 1638 1541 mensura
1654 1487 1788 1544 67676676

984 1575 1064 1629 677667
1080 1576 1094 1615 ¹²
1107 1576 1176 1630 nihil
1189 1578 1301 1631 76777667.

1020 1667 1053 1718 77
1063 1668 1084 1718 ’.
1100 1666 1135 1722 777
1154 1665 1252 1722 iratres
1270 1668 1371 1736 aliquid
1388 1667 1560 1738 pinguedinis
1572 1668 1599 1722 in
1610 1668 1685 1723 rictu
1700 1669 1789 1740 qnoti-

173 1753 207 1808 66
219 1753 240 1806 ’.
253 1752 289 1808 777
306 1753 340 1807 66
357 1752 504 1822 capitulum
526 1752 651 1821 primitus
665 1752 888 1823 martyrologium
900 1753 935 1808 le·
951 1756 1066 1816 Bdiano
1079 1757 1215 1823 habeant;
1239 1765 1353 1826 excepta
1378 1766 1454 1812 serta
1468 1755 1545 1822 teria,
1562 1767 1589 1813 et
1609 1759 1706 1814 diebus
1724 1768 1788 1815 octo

137 1853 225 1914 gatar,
255 1852 283 1898 et
305 1844 411 1897 dicatur
437 1858 529 1897 versus
554 1858 607 1912 7676
630 1842 767 1898 silentium
793 1843 932 1909 soluatur;
989 1856 1052 1900 6676
1070 1846 1160 1901 667676
1184 1847 1300 1910 77676767,
1324 1855 1352 1901 67
1370 1846 1621 1916 aquiuquagesima
1640 1863 1730 1917 usque
1753 1848 1788 1906 ad

138 1935 235 1989 deinde
247 1933 350 2002 regula,
370 1942 416 1987 6777
431 1935 544 1987 homelia
557 1933 693 2002 qrtaclibet
705 1934 820 2006 legatur.
842 1935 936 1990 Nouis·
989 1938 1089 2006 paseha
1103 1938 1125 1990 ⁸.

137 2024 206 2079 sime
226 2032 254 2076 te
268 2032 356 2078 entem
368 2023 488 2086 Borrine,
508 2024 624 2079 dicatur.
1025 2027 1058 2082 78
1070 2027 1090 2079 ⁹.
1100 2026 1135 2082 [a
1148 2026 1266 2080 volatilia
1280 2027 1306 2080 in
1320 2027 1410 2081 natale
1416 2026 1521 2081 77667767
1533 2036 1560 2081 et
1573 2026 1600 2080 in
1610 2028 1713 2097 pascha
1727 2038 1787 2085 tan-

175 2113 218 2168 76.
243 2112 277 2168 lit
300 2114 334 2166 ad
364 2113 511 2181 capitulum
537 2113 618 2169 lectio
640 2125 652 2154 ⁰
675 2116 813 2181 tradatur,
839 2115 937 2173 simili·
989 2128 1045 2172 tum
1064 2120 1071 2157 i
1092 2127 1207 2186 quatuor
1222 2116 1244 2147 ¹⁰
1264 2117 1368 2182 diebus,
1389 2118 1411 2171 si
1427 2126 1467 2172 cst
1493 2119 1572 2180 67766,
1585 2119 1741 2173 comedant.
1758 2117 1788 2176 Si

143 2218 186 2267 766
209 2204 243 2258 66
261 2203 443 2259 conlationem
483 2205 505 2259 si
530 2214 635 2276 tempus
662 2205 744 2263 luerit
761 2217 934 2277 oportunum.
988 2223 1052 2262 rero
1067 2224 1120 2261 666
1132 2207 1212 2261 766777
1231 2208 1311 2272 xinde,
1336 2221 1390 2260 non
1406 2206 1577 2276 requiraturl
1593 2222 1642 2276 per
1653 2209 1787 2265 6677776677

753 2338 952 2394 titulantes
968 2336 1169 2392 LECTiONES.

179 2452 277 2505 ¹stans
289 2450 484 2505 humiliatnsb.
500 2466 527 2520 p.
540 2452 566 2503 7.
605 2449 740 2503 ’666777
779 2450 873 2503 ⁸deest
893 2449 920 2502 7.
934 2448 961 2502 7.
999 2449 1095 2503 δ66767
1112 2448 1137 2500 7.
1177 2445 1470 2509 ist.iuclinati,etl.
1509 2446 1791 2508 ο76677766677767677-

138 2524 204 2579 6667
217 2522 243 2575 l.
281 2523 290 2553 ⁷
305 2521 374 2574 deest
388 2521 415 2573 7.
431 2521 495 2574 Eius
512 2522 567 2574 loco
583 2520 599 2572 7
613 2522 650 2573 ita
665 2519 740 2573 776667
756 2537 764 2573 .·
780 2519 815 2575 777
827 2520 920 2588 adipes
934 2520 1077 2573 mittantur
1092 2519 1119 2571 iu
1136 2518 1273 2586 pulmento
1291 2527 1352 2573 6676
1368 2517 1425 2572 6766
1441 2525 1503 2571 6676
1522 2521 1610 2573 667676
1632 2520 1741 2575 Domini
1762 2532 1790 2578 et

139 2607 202 2648 octo
218 2600 280 2645 6676
294 2591 515 2660 qtradmgesimae
530 2601 555 2643 et
567 2590 640 2643 677767
653 2601 774 2710 tempore
798 2598 873 2643 sextu
889 2588 966 2643 seria.
1004 2590 1014 2620 ⁸
1030 2605 1099 2658 quae
1113 2589 1165 2641 76777
1179 2596 1329 2656 sequuntur
1341 2588 1430 2656 capita
1444 2588 1540 2641 desunt
1553 2588 1579 2641 iu
1598 2591 1659 2644 666.
1677 2591 1703 2643 7.
1719 2607 1789 2673 quo·

141 2677 200 2718 67767
215 2661 274 2717 7666
289 2662 355 2715 77666
369 2661 449 2715 7767767
461 2678 467 2712 :
481 2660 597 2715 Lxxt't.
613 2659 646 2715 Ut
658 2674 705 2728 psa
719 2660 753 2712 mi
769 2661 886 2729 76776666
900 2666 1004 2715 aestate
1017 2669 1080 2713 ante
1095 2659 1188 2712 horam
1207 2658 1321 2726 primam
1335 2674 1342 2722 ;
1358 2667 1479 2725 tempore
1491 2671 1556 2712 7676
1579 2660 1691 2714 76676677
1705 2660 1786 2734 [bod.

141 2731 245 2803 77776677]
262 2741 322 2800 post
336 2729 504 2785 interuallum
517 2747 565 2799 676
577 2745 639 2799 rege
653 2740 679 2783 et
694 2731 818 2787 oumibus
833 2730 974 2786 catholicis
989 2740 1016 2784 et
1030 2727 1207 2783 lanrillaribus
1222 2738 1248 2782 et
1258 2727 1456 2782 elemosinarils
1469 2726 1543 2782 67667
1569 2729 1613 2783 676
1639 2743 1788 2791 canantur.

141 2802 220 2856 idest
234 2802 363 2856 urisercre
377 2816 420 2854 rue
432 2801 502 2855 77666
514 2802 671 2854 secuudum.
685 2800 707 2852 7)
725 2816 756 2852 66
767 2801 793 2853 777
807 2800 915 2854 nominc
926 2809 981 2855 tuo.
994 2799 1121 2854 llisererc
1131 2814 1173 2852 ure
1186 2799 1255 2851 776776
1265 2798 1403 2852 miserere.
1420 2797 1491 2851 Deus
1505 2797 1668 2853 nrisercatur
1682 2811 1786 2856 nostem

141 2872 212 2926 77666
227 2872 254 2924 777
269 2871 430 2925 adiutorium
443 2886 542 2924 7666777.
558 2881 584 2924 67
598 2886 647 2938 666
660 2887 722 2938 rege
737 2871 898 2938 specialiter.
912 2871 1038 2926 exaudiat
1053 2878 1080 2925 te
1090 2869 1227 2923 llouriuus.
1244 2867 1371 2921 Lxxrtt.
1394 2867 1426 2922 Ut
1445 2882 1493 2934 666
1510 2869 1636 2923 6767777766
1653 2869 1789 2926 6677766776

141 2941 283 2996 catholicis
298 2940 393 3009 psalmi
413 2941 530 3010 qtrinquc
551 2950 683 2994 careantur
699 2941 724 2994 id
737 2949 778 2994 est
790 2940 876 2995 Verba
892 2957 952 2995 mea
966 2938 1078 2995 Donxiue
1096 2955 1129 2993 ue
1147 2940 1172 2991 iu
1188 2938 1278 2992 surore
1294 2948 1347 2991 tuo.
1373 2937 1456 2992 [lilexi
1472 2939 1599 3006 6667776777
1613 2940 1729 2995 credidi.
1750 2941 1790 2996 7777

140 3011 290 3081 profundis.
303 3019 329 3065 et
342 3025 391 3080 pro
403 3011 528 3065 omnihus
541 3010 674 3064 dehmctis
685 3026 732 3065 seu
746 3011 885 3066 morrachis
899 3025 947 3067 scu
960 3011 1085 3065 omnihus
1099 3008 1239 3065 catholicis
1251 3006 1372 3062 7766777766
1385 3007 1541 3061 christianis
1555 3009 1652 3077 psalmi
1668 3013 1789 3083 quinque

141 3091 274 3136 canantur
286 3081 364 3135 idest
378 3081 506 3136 Dominus
520 3080 589 3149 regit
602 3080 706 3135 meld
722 3090 748 3135 76
762 3080 873 3135 7767777776
888 3081 982 3135 767677.
998 3081 1127 3135 Dominus
1141 3078 1300 3134 illuminatio
1315 3092 1385 3133 mea.
1400 3077 1513 3132 77667766
1528 3080 1637 3134 exaudi.
1649 3081 1681 3135 ll.
1695 3081 1790 3139 Lauda

141 3153 230 3276 6167676
249 3166 314 3276 {nea
342 3153 496 3205 bominum.
546 3150 641 3204 'deest
659 3151 725 3204 l.2.
779 3152 798 3181 ¹⁰
812 3151 844 3205 lu
859 3152 978 3205 cedma.
1001 3149 1031 3206 S.
1052 3150 1133 3216 Gelli,
1160 3149 1255 3219 iegitur
1279 3163 1328 3203 sex
1352 3154 1466 3212 tantum,
1492 3157 1545 3203 ete.
1569 3151 1672 3219 pascha
1701 3153 1789 3210 7777767

160 3223 236 3278 iebus
269 3261 277 3276 .

499 3388 503 3395 Ι
890 3313 1005 3370 NOTAE.

177 3441 191 3469 ⁸
202 3426 406 3482 Centuriatores
415 3424 583 3493 simpliciter,
597 3425 750 3495 hospitibus.
765 3426 863 3481 777767.

990 3427 1110 3483 667777667
1124 3427 1329 3497 regularum,pa
1351 3429 1428 3484 876.
1437 3429 1791 3555 7677777666767677766776116777-

177 3497 253 3550 177776
266 3494 330 3549 76677
342 3495 465 3548 incertia
480 3495 619 3549 monachis
632 3497 730 3562 patrati
742 3497 865 3564 67666776
877 3494 936 3550 deri
990 3499 1024 3550 cti
1037 3499 1113 3566 667777
1129 3499 1228 3554 elicitur
1243 3445 1371 3554 7677776776
1385 3500 1497 3569 677667767
1512 3501 1709 3555 777666677677767
1747 3502 1788 3559 67-

140 3568 251 3637 iubetur
263 3578 313 3633 per
324 3565 632 3618 excommunicationem
654 3581 668 3618 6
691 3580 803 3633 corpore
825 3575 852 3619 et
874 3581 936 3619 san-
989 3568 1112 3622 densium
1126 3567 1160 3620 ad
1173 3566 1299 3622 Carolum
1315 3568 1449 3635 6766776777,
1466 3584 1525 3638 666.
1542 3569 1568 3622 l.
1585 3571 1624 3623 lo.

143 3638 224 3709 gulae
235 3634 351 3698 77667767,
367 3645 459 3688 666776
474 3649 577 3687 7667676
596 3633 667 3688 777766
680 3635 780 3689 saeculi.
797 3635 886 3689 766776
895 3645 937 3690 667

144 3721 231 3762 canon
248 3703 281 3757 15
304 3704 409 3758 concilii
424 3702 640 3767 Worrnatiensis,
662 3705 689 3758 76
703 3721 756 3774 666
768 3706 807 3760 676
820 3705 934 3775 legitur:

146 3798 156 3828 7
176 3774 396 3844 Smpecontingit
408 3781 437 3828 ut
457 3775 484 3827 in
500 3777 673 3830 monasteriis
694 3773 766 3829 76776
779 3784 937 3844 perpetren-

146 3859 198 3911 tur,
214 3846 302 3914 etqui
317 3845 374 3899 7766
389 3845 561 3899 66777777777667
576 3845 742 3914 ignorentur.
766 3846 868 3901 ldeirco
880 3855 937 3900 sta-

145 3918 247 3975 tuimus
257 3926 287 3970 67
320 3915 408 3970 66666
425 3915 474 3982 ipsi
489 3914 586 3968 batres
599 3917 631 3970 dc
641 3917 739 3971 talibus
749 3931 778 3970 sc
789 3931 938 3998 expurgare

144 3989 270 4051 debeant,
295 3931 376 4040 777666
398 3985 433 4040 ah
448 3986 544 4040 abbate
557 3986 720 4049 celebretur,
740 3987 780 4041 rel
793 3987 827 4039 ab
850 3985 939 4056 ahquo

145 4058 189 4115 cui
202 4058 259 4127 ipse
276 4058 359 4112 abhas
395 4056 544 4124 receperit,
566 4057 743 4124 praesentibus
756 4055 896 4121 iratribus,
911 4065 939 4112 et

145 4121 228 4185 67676
245 4126 339 4181 ultima
390 4127 449 4180 7666
470 4125 653 4181 celebratione
673 4143 724 4196 pro
746 4128 940 4196 expurgatione

145 4215 194 4256 sua
205 4205 303 4265 corpus
315 4208 343 4251 et
355 4196 513 4264 sanguinem
541 4196 646 4251 7767777777
662 4198 746 4251 riustri
760 4195 824 4251 iesu
838 4197 939 4252 Cluisti

145 4268 316 4340 percipiant,
359 4277 474 4321 eatenus
500 4266 536 4320 lta
564 4266 626 4321 inde
651 4267 807 4322 innoeentes
830 4282 858 4322 se
880 4283 940 4323 esse

147 4339 300 4393 ostendant.
317 4357 326 4389 7
371 4351 423 4390 666
437 4335 647 4405 beennatensi
661 4353 714 4391 non
734 4337 876 4391 admodum
888 4335 940 4392 677-

147 4408 246 4462 hcilem
258 4414 304 4462 aut
314 4409 468 4469 obscurum,
481 4406 520 4460 sic
532 4406 724 4490 interpretatus
738 4405 941 4463 estJoaehimus

149 4478 284 4533 7667677776
301 4477 330 4530 777
347 4477 416 4531 libro
432 4484 509 4529 sexto
532 4475 565 4529 de
589 4476 771 4541 bucharistia,
792 4492 852 4547 pag.
868 4476 937 4532 tte:

151 4566 163 4598 7Ι
176 4546 264 4601 Porro
277 4555 307 4600 ut
320 4547 348 4599 in
362 4545 488 4601 Carolino
498 4545 544 4598 illo
555 4546 653 4600 sacculo
667 4547 755 4615 palam
770 4557 811 4600 cst
833 4549 860 4600 in
877 4562 941 4615 par·

149 4617 220 4671 ruiis
231 4616 462 4670 communicandis
482 4623 613 4682 erratum,
638 4617 675 4671 ita
688 4632 721 4671 ue
733 4617 760 4672 76
772 4617 880 4687 quidem
892 4617 940 4671 ad·

150 4687 260 4742 modum
273 4687 349 4754 probi
363 4694 409 4740 aut
419 4685 456 4754 pii
469 4684 552 4739 moris
567 4685 617 4741 luit
631 4688 703 4756 quod
714 4689 809 4742 eodem
822 4696 941 4755 tempore

1024 3650 1036 3676 θ
1051 3636 1141 3692 Codex
1155 3637 1264 3700 Pitheci,
1278 3656 1336 3708 6776
1352 3625 1417 3693 lecte
1430 3641 1511 3709 [uerit
1531 3649 1688 3708 6666776766.
1702 3641 1744 3696 76.

1026 3706 1036 3745 f
1049 3705 1137 3777 Caput
1151 3708 1221 3763 istud
1234 3710 1273 3763 sic
1288 3709 1368 3763 hahet
1381 3709 1535 3763 ineditiouc
1544 3710 1789 3767 Cerrrturlatorum:

991 3797 1000 3826 7
1016 3776 1051 3832 Ut
1062 3780 1170 3846 qrrando
1182 3778 1280 3833 iratres
1291 3776 1423 3845 jejunant,
1439 3788 1499 3847 6667
1511 3789 1614 3832 6677667
1639 3780 1792 3849 dormiant,

988 3848 1040 3902 hoc
1063 3857 1114 3909 667,
1131 3849 1224 3902 6767776
1240 3859 1370 3917 tempore.
1396 3848 1459 3903 Post
1485 3851 1542 3903 haec
1563 3849 1704 3905 eelebrent
1726 3851 1792 3906 liis·

989 3933 1085 4041 samin»
1092 3918 1209 4042 6177777666.
1222 3987 1438 4042 Centurlatoruur
1453 3990 1567 4051 additur,
1588 4008 1597 4037 7
1613 3997 1641 4042 67
1652 3990 1794 4047 67766666·

991 4057 1343 4182 776666166667677176766766,
1369 4060 1476 4128 quando
1495 4069 1600 4127 7676666
1609 4063 1793 4128 opportunius

990 4136 1040 4237 087
1052 4144 1141 4252 baffi
1152 4150 1255 4262 71676767,
1272 4198 1378 4251 7777777676
1399 4198 1432 4251 677
1453 4198 1557 4253 7766777777
1577 4198 1669 4252 dandi.
1688 4200 1795 4272 Regula

990 4267 1129 4335 errjusdam
1154 4269 1181 4322 ln
1203 4268 1353 4324 Concordia
1380 4269 1532 4337 regularum
1548 4284 1610 4338 pag.
1630 4268 1704 4325 7l8:
1733 4272 1797 4326 ‹tt-

990 4339 1036 4394 766
1052 4339 1187 4407 praecipue
1214 4338 1401 4401 deceruimus,
1426 4347 1455 4392 ut
1475 4338 1564 4392 nullus
1577 4340 1656 4393 alteri
1684 4341 1746 4396 dari
1759 4356 1796 4397 ex

990 4424 1116 4464 mensura
1133 4425 1181 4462 sua
1195 4409 1236 4463 767
1249 4408 1373 4489 accipere
1387 4410 1518 4490 abaltero
1527 4419 1677 4495 praesumat
1692 4421 1798 4481 preter

991 4479 1116 4534 abbatem
1131 4478 1172 4532 rel
1184 4489 1370 4548 praepositum,
1391 4494 1434 4533 eur
1453 4480 1486 4533 ab
1501 4481 1598 4535 abbate
1614 4495 1798 4539 contraissent

991 4557 1043 4658 mi
1057 4548 1124 4673 777777
1133 4627 1174 4673 667
1190 4619 1270 4674 lectio
1282 4618 1410 4673 Codicum
1430 4617 1563 4678 Pitbmani
1577 4628 1604 4673 et
1616 4617 1798 4677 Parisicnsis.

992 4688 1147 4744 Gasiuensis
1159 4690 1240 4743 habet
1254 4689 1337 4742 triber
1351 4687 1453 4753 676766,
1479 4688 1662 4759 Sairrgalleusis
1675 4706 1726 4744 aex
1737 4700 1800 4745 7677·Ι

149 4756 268 4826 episcopi
281 4766 308 4809 ct
321 4756 445 4810 monachi
457 4755 654 4811 Euclraristiam
666 4757 700 4812 ad
711 4757 870 4812 innocentiae
880 4772 942 4812 eon
994 4769 1059 4822 7667,
1073 4760 1277 4814 Centuriatores
1292 4768 1319 4813 et
1334 4757 1417 4813 667776
1429 4758 1622 4829 Capitularium
1634 4760 1702 4814 anni
1716 4759 1798 4827 76677,

149 4827 321 4883 testationem
336 4836 363 4881 et
375 4826 561 4896 purgationem
585 4825 681 4894 objecti
703 4827 824 4882 criminis
837 4842 943 4881 sumere
958 4825 981 4884 D
996 4838 1052 4882 octo
1068 4829 1168 4883 6777776.
1191 4826 1269 4883 777767
1284 4830 1355 4882 lianc
1374 4828 1517 4884 lectionem
1536 4829 1649 4897 epistota
1670 4829 1799 4887 77777766-

147 4906 242 4954 666667
255 4895 337 4960 soliti,
352 4907 381 4950 ut
391 4912 452 4952 eum
466 4895 567 4949 lurtum
580 4896 607 4949 in
618 4898 783 4952 monasterio
792 4905 863 4952 esset
873 4912 944 4952 corn-

150 4969 273 5031 missum‚
289 4967 413 5023 monaehi
428 4966 564 5020 6777666777
577 4968 666 5023 missae
689 4967 869 5024 celebratione
883 4982 944 5022 cor-

149 5053 216 5109 pore
233 5047 261 5092 et
280 5038 410 5108 sanguine
423 5036 528 5091 77676767
549 5038 758 5108 66777676677667,
778 5053 831 5107 7676
848 5054 877 5091 66
891 5038 944 5092 677-

152 5108 233 5169 767676
247 5107 400 5177 suspicione
413 5106 569 5162 7676776667.
583 5106 611 5162 76
622 5108 885 5178 persuasionesrebat
899 5124 942 5161 re·

152 5178 268 5249 ligionis,
281 5193 341 5249 qum
354 5177 464 5234 66616676
475 5178 612 5232 6666676777
624 5193 711 5248 prenae
731 5188 803 5232 metu
818 5179 862 5232 lon
881 5193 897 5233 e
911 5179 944 5232 ab

152 5263 199 5303 esu
213 5248 258 5303 illo
272 5257 446 5304 sacrosancto
468 5262 562 5302 arcere
585 5249 747 5304 credebatur
763 5269 772 5301 7
788 5249 854 5302 Vide
864 5194 945 5319 77667-

153 5333 261 5443 6666671,
276 5318 323 5373 7777.
337 5336 367 5386 n,
379 5334 438 5388 cap.
453 5316 516 5384 776,
527 5327 554 5373 et
567 5319 689 5388 quaeillie
702 5319 806 5374 anobis
819 5328 947 5373 annotata

153 5397 227 5443 suut.
255 5404 283 5444 77.

189 5467 202 5499 ⁶
216 5456 307 5512 Codex
324 5457 487 5524 Casiuensis,
499 5470 572 5514 776777
584 5455 748 5514 7766776667.
762 5460 801 5514 76.

188 5525 204 5567 ¹¹
218 5527 299 5583 Varie
313 5528 444 5599 accipitur
457 5530 510 5585 hoc
530 5530 699 5593 vocabulum,
721 5541 749 5584 ut
763 5527 884 5599 pluribus
899 5543 947 5583 ex·

154 5595 239 5666 plicat
250 5595 395 5652 Cretserus
408 5599 434 5651 ia
448 5598 516 5655 777776
528 5600 647 5655 6666666
659 5601 691 5655 66
702 5599 947 5661 776666767767777766,

157 5680 218 5734 cap.
232 5664 277 5731 st,
293 5676 321 5720 67
335 5669 517 5735 sequentibus.
541 5670 607 5724 7766
629 5669 711 5725 etlam
734 5680 812 5724 notes
833 5669 865 5723 ad
878 5666 950 5722 Con-

995 4898 1074 4962 mari,
1100 4899 1126 4951 iu
1141 4915 1192 4967 uua
1216 4899 1295 4953 67676
1314 4898 1386 4951 77777;
1417 4918 1426 4949 7
1447 4898 1569 4953 volatilia
1584 4914 1727 4969 nurrquam
1745 4888 1798 4956 6767

996 4969 1022 5023 76
1036 4969 1078 5022 676
1088 4967 1189 5024 Natalis
1200 4914 1318 5032 7767777777,
1335 4969 1357 5022 67
1370 4979 1412 5023 667
1425 4970 1506 5034 6666,
1520 4985 1552 5023 us
1571 4984 1605 5023 ue
1617 4970 1651 5024 ad
1663 4970 1798 5029 diescere

995 5039 1169 5093 comedimus.
1199 5040 1331 5094 Similiter
1353 5040 1435 5093 etiam
1459 4985 1633 5108 paschalibus
1656 5039 1766 5095 6767766.
1785 5058 1797 5091 7

996 5108 1197 5234 70736177666767
1211 5119 1290 5165 notas
1304 5109 1339 5164 ad
1353 5107 1530 5165 Concordiam
1549 5109 1718 5179 regularum,
1734 5125 1796 5181 pag.

1001 5196 1009 5232 7
1051 5219 1058 5232 .
1085 5197 1109 5233 o.

1032 5249 1039 5299 7
1059 5251 1131 5305 76676
1143 5248 1366 5306 Τ776666676666;
1387 5268 1396 5299 7
1411 5248 1464 5304 Sed
1478 5250 1511 5306 de
1521 5263 1569 5304 esu
1579 5246 1731 5303 volatilium
1741 5256 1798 5305 77777

1000 5328 1078 5374 caute
1091 5320 1315 5382 prudentissimus
1330 5331 1408 5390 66767
1422 5329 1516 5375 noster
1528 5320 1555 5373 iu
1567 5334 1616 5373 sua
1639 5319 1734 5390 regula
1746 5333 1797 5389 po·

1001 5391 1053 5444 suit
1067 5390 1131 5444 6767
1147 5390 1231 5444 767767
1240 5393 1383 5445 comedere
1393 5390 1529 5453 monachi,
1543 5404 1603 5443 cum
1614 5400 1798 5458 opportunum

1000 5468 1050 5519 est.
1072 5475 1125 5513 nou
1137 5458 1293 5527 6676666667
1311 5461 1407 5530 culpae.
1424 5459 1574 5514 sinautem
1589 5458 1630 5513 eis
1643 5474 1658 5511 a
1672 5475 1724 5514 suo
1744 5458 1796 5514 tale

1002 5528 1118 5584 edulium
1132 5546 1186 5585 non
1197 5532 1333 5600 praebetur
1346 5532 1455 5594 67777676,
1467 5539 1497 5584 67
1510 5530 1587 5599 767667
1599 5543 1633 5585 ex
1646 5529 1739 5586 6677776
1745 5529 1796 5584 7766

1002 5600 1169 5668 nonpossint
1181 5603 1329 5670 requirere.
1346 5600 1424 5655 776777
1442 5610 1531 5659 766766
1554 5599 1670 5654 77677766
1691 5607 1797 5657 7766767-

1004 5684 1062 5723 rein
1078 5685 1164 5741 667676
1177 5671 1295 5727 volatilia
1309 5673 1465 5734 6677766667,
1484 5690 1493 5721 7
1509 5679 1562 5726 676.
1577 5668 1615 5723 76.
