3826 6112
171 237 220 294 illl
542 233 655 293 CODEX
675 236 937 296 ouhouhrtcus.
954 271 987 280 -
1002 241 1243 301 ChPlthhiilh.
1257 277 1292 288 -
1305 249 1357 304 hu.
1373 251 1436 309 782
1759 263 1814 324 ,ὃς

168 352 288 425 episcopi
297 364 349 407 nee
360 351 454 408 clerici
467 352 475 383 ¹
490 354 718 425 transmigrentur
727 355 880 412 decivitate
891 358 919 412 in
930 358 1004 427 eiu
1052 363 1172 421 Ouarous
1188 368 1220 420 ¹¹.
1233 399 1269 409 -
1280 369 1325 425 29.
1346 370 1412 426 ltcm
1430 372 1457 426 in
1469 374 1565 429 eodem
1577 377 1704 444 concilio,
1720 391 1814 441 utnon

169 448 282 501 ritatem
297 454 323 498 ὀ
1019 453 1111 510 clerici
1124 470 1174 509 nec
1186 460 1311 513 rnonaehi
1329 462 1545 529 conspirationes
1567 466 1609 521 rel
1623 468 1736 525 insidias
1748 488 1813 528 eorr-

202 536 390 593 01111111.-
407 535 452 592 25.
467 535 534 591 item
547 536 573 590 in
587 538 681 593 eodem
695 540 808 607 synodo,
823 545 854 592 nt
877 540 968 596 nullus
1019 551 1060 598 tra
1072 554 1210 613 pastorem
1223 564 1301 602 suum
1318 550 1419 606 iaciant
1434 555 1457 606 ⁸.
1518 606 1521 611 ,

167 630 293 685 absolute
307 629 457 693 ordinetur,
471 628 553 683 sine¹
570 629 791 698 pronuntiatione
815 638 841 684 ct
864 631 968 686 stabili·
1054 633 1173 692 Ouarnus
1187 638 1217 691 ¹¹.
1233 640 1319 695 -5o
1340 642 1406 697 item
1422 644 1551 700 ineodem
1562 649 1686 714 concilio,
1707 660 1737 706 ut
1750 652 1812 712 iaici

167 730 224 776 tate
236 721 289 777 loci
300 721 336 776 ad
346 737 427 790 quern
440 721 451 751 ³
464 721 625 776 ordinatur*
640 722 665 775 b.
1017 725 1157 794 episcopos
1181 737 1227 781 aut
1242 729 1356 786 clericos
1379 747 1432 786 non
1453 746 1593 801 accusent,
1612 738 1664 793 nisi
1679 740 1756 809 prius
1769 757 1813 800 eo

200 813 342 868 bleramus
352 823 388 868 ar
402 828 466 868 eurr
480 829 566 869 cunno
590 814 610 866 ⁸.
629 845 666 855 -
682 814 726 869 26.
740 815 807 871 item
826 817 853 870 in
871 819 966 873 codem
1015 833 1076 882 ,rum
1086 817 1246 873 discutiatur
1258 821 1466 879 existimationis
1479 826 1571 895 opinio
1585 827 1610 880 ¹².

165 904 293 969 concilio,
305 912 337 958 ut
354 903 445 959 elerici
466 912 494 958 et
519 905 645 960 monaehi
667 905 694 959 in
709 921 759 961 suo
780 908 920 978 proposito
938 918 965 964 et
1051 906 1172 964 Ouarnus
1185 910 1217 963 ¹⁸.
1229 912 1315 966 -51,
1336 912 1400 968 item
1421 914 1448 968 in
1466 917 1578 981 eodem,
1599 919 1607 958 i
1625 927 1655 974 ut
1669 919 1728 976 loca
1741 938 1811 994 quae

137 1022 146 1033 =
164 1004 228 1049 roto
240 995 314 1066 quod
329 995 409 1050 lieo⁰
426 996 622 1065 promiserunt,
636 1008 814 1066 permaneant
828 1010 851 1052 ε.
1015 998 1098 1051 scrrld
1111 999 1166 1053 lieo
1179 999 1302 1056 dedicata
1316 1002 1338 1033 ¹⁵
1349 1012 1412 1057 stunt
1429 1012 1457 1058 ut
1470 1008 1634 1063 monasteria
1647 1009 1712 1077 sint,
1727 1010 1734 1063 i
1753 1029 1810 1068 ma-

200 1083 407 1140 Sacnanormcs
418 1085 442 1138 ¹.
461 1115 497 1125 -
508 1083 554 1138 Ἠ.
570 1084 636 1140 item
649 1087 677 1141 in
692 1087 808 1143 decretis
821 1088 963 1143 innocenti
1016 1096 1096 1140 neant
1108 1096 1237 1157 perpetuo
1249 1093 1423 1158 monasteria,
1437 1110 1488 1151 nec
1500 1107 1615 1165 possunt
1629 1099 1650 1131 ¹⁶
1665 1101 1736 1157 ultra
1750 1103 1810 1161 beri

162 1191 250 1245 palme
263 1177 297 1234 de
310 1177 404 1231 eadem
426 1193 466 1242 re,
481 1186 511 1232 ut
536 1180 695 1245 monachus,
710 1181 733 1236 si
757 1181 791 1235 ad
805 1182 963 1236 clericatum
1014 1177 1162 1232 saecularia
1178 1180 1330 1235 habitacula
1346 1183 1369 1236 i.

162 1277 309 1339 portentur
319 1271 341 1335 ⁸,
354 1271 523 1341 propositum
533 1273 709 1330 monachicae
721 1274 898 1344 professionis
909 1291 963 1330 non
1047 1267 1168 1324 011111υῦ
1177 1270 1291 1327 ¹'·-32·
1312 1272 1341 1326 ln
1353 1274 1470 1331 concilio
1489 1275 1693 1348 Cartaginense.
1715 1280 1808 1339 Primo

162 1360 301 1416 „umqum
314 1361 340 1415 u,
1012 1360 1133 1415 omniurn
1157 1369 1187 1414 ut
1204 1361 1270 1417 iides
1284 1373 1394 1420 sanctae
1411 1365 1552 1424 Trinitatis
1569 1379 1595 1423 et
1612 1371 1808 1432 incarnationis

195 1453 328 1511 onnus,
347 1486 384 1496 ..
401 1456 436 1512 28
449 1456 471 1509 ⁰,
498 1457 564 1511 {curu
578 1457 605 1511 iu
619 1458 714 1514 eodum
727 1462 852 1527 concurro,
870 1474 925 1518 our
938 1463 961 1519 sq
1012 1450 1124 1516 Christi,
1142 1452 1286 1520 passionis,
1300 1462 1327 1509 et
1342 1457 1558 1522 resurrectionis,
1579 1459 1624 1515 etl
1640 1465 1807 1521 ascensionis

159 1541 252 1598 elerici
272 1542 345 1597 inter
361 1559 391 1598 se
404 1544 540 1615 negotium
554 1545 574 1576 ¹⁰
589 1547 698 1616 aliquod
716 1549 870 1617 habuerint,
885 1567 962 1608 asuo
1011 1541 1039 1596 1¹¹
1056 1543 1136 1606 00105,
1152 1543 1294 1611 (illibenter
1306 1546 1433 1600 Omnibus
1446 1549 1601 1615 Plldlcelur
1614 1563 1643 1604 ¹¹¹·

159 1631 287 1705 episcopo
302 1633 485 1690 diiudicentur
501 1637 533 1701 ¹¹,
548 1640 811 1698 nonasecularibus
828 1643 850 1698 l.
914 1673 926 1693 .
1047 1632 1167 1689 Olliffll's
1185 1633 1217 1687 ¹⁸·
1233 1662 1269 1674 ···
1286 1633 1331 1690 33·
1351 1635 1419 1692 1ῑοΙῦ
1433 1637 1461 1690 i¹1
1473 1638 1578 1703 eodem,
1595 1641 1627 1695 de
1639 1644 1805 1712 prohibenda

766 1772 961 1828 titularius
979 1765 1184 1824 brettones.

212 1857 505 1913 ι1110112318.
559 1860 770 1916 'etsinehli
828 1863 972 1933 'quami
1026 1856 1229 1913 ‘ordineturh
1284 1856 1805 1926 ’111111111111111111111111.

158 1927 403 1984 mathusael.
458 1928 550 1982 ‘deest
570 1929 598 1983 2.
651 1933 840 1988 'omnihusii
897 1929 1102 2002 ⁸proheaturt.
1120 1926 1329 1996 prot'chaturll.
1386 1928 1478 1982 ’inter
1498 1929 1531 1983 h'.
1551 1932 1590 1985 ll.
1607 1933 1674 2004 leqer
1687 1937 1743 1994 Lon
1762 1942 1803 1995 uh.

158 1996 438 2069 eap.155.np.diur.
482 1998 503 2030 ¹⁶
523 2001 695 2070 negotiaori.
742 2005 761 2035 ¹¹
774 2005 930 2073 judicentur
942 2002 969 2056 2.
1013 2000 1035 2030 ¹¹
1055 1999 1125 2052 decit
1147 1999 1172 2050 l.
1211 1997 1232 2029 ¹⁸
1252 1997 1364 2063 deeuti,
1384 2000 1571 2056 adurnnesli.
1617 2006 1638 2035 ¹³
1657 1956 1768 2063 deest?

158 2068 311 2124 ”dedicati
324 2067 351 2122 l.
390 2067 617 2138 eposium.
658 2072 762 2128 ”deut
783 2075 809 2129 i.
849 2075 871 2107 ¹⁸
890 2071 1000 2128 deeuti.

958 2160 1075 2219 NOTAE.

156 2274 244 2331 lamus
262 2277 419 2347 temperari,
433 2276 487 2331 nisi
501 2276 569 2335 torte
579 2293 673 2333 eorum
683 2278 779 2348 petitio
800 2286 847 2333 aut
857 2279 952 2334 solun·
967 2278 990 2340 ii
1004 2288 1057 2344 que
1070 2273 1222 2354 voluerint.¹
1230 2271 1258 2326 51
1275 2272 1337 2355 quis
1348 2280 1438 2356 autem
1450 2283 1544 2355 contra
1556 2275 1614 2332 ham
1632 2293 1725 2336 uentre
1745 2290 1803 2339 ten-

156 2355 195 2401 tas
207 2349 359 2402 accesserit
370 2350 415 2418 qui
429 2347 531 2417 aliquid
541 2349 594 2403 sihi
607 2349 634 2402 in
649 2363 696 2403 eos
705 2349 842 2404 vindicant
862 2358 951 2419 potes·
1004 2345 1112 2409 laverit,
1127 2359 1266 2399 canorncrs
1284 2344 1435 2399 interdictis
1452 2345 1599 2413 suluaeeat.
1624 2347 1652 2403 si
1673 2365 1737 2408 vero
1751 2356 1802 2411 cle·

155 2416 227 2471 tatis.
244 2417 415 2472 bobetemm
435 2430 495 2473 esse
513 2419 641 2473 immunis
660 2421 694 2474 nh
711 2420 773 2474 aliis
807 2420 833 2473 ui
852 2420 951 2474 diuinae
1002 2416 1075 2471 ricus
1089 2416 1185 2469 traducat
1197 2429 1307 2469 calisam
1320 2423 1523 2495 curnextraueo
1534 2416 1669 2500 episcopo,
1684 2424 1726 2476 rcl
1740 2441 1803 2482 cum

155 2487 257 2542 niiitiae
273 2487 356 2542 luerit
374 2488 570 2560 aggregandus,
595 2497 625 2543 ut
645 2490 771 2544 acastris
823 2490 950 2554 minicia,
1002 2502 1062 2550 suo,
1080 2483 1151 2553 apud
1164 2485 1296 2554 synodum
1313 2499 1462 2553 prouincia·
1485 2501 1595 2542 eausam
1611 2492 1693 2545 dicat.
1710 2493 1739 2548 Si
1753 2511 1802 2550 au-

154 2557 252 2627 quihus
262 2572 363 2612 unomen
374 2573 433 2626 epus
447 2559 604 2624 ascribitur,
619 2559 702 2614 nullis
713 2560 951 2616 necessitatisrin·
1002 2565 1056 2610 tem
1078 2555 1222 2635 episcopus
1244 2553 1286 2609 rel
1311 2554 1426 2610 clericus
1448 2553 1672 2626 disceptationem
1703 2563 1802 2622 habeat

154 2627 220 2682 eutis
233 2627 420 2683 abstrabatur.
1002 2641 1064 2680 cnm
1080 2624 1288 2693 rnetropoirtano
1301 2625 1438 2694 episcopo,
1452 2634 1499 2679 aut
1512 2627 1559 2681 ad¹
1573 2628 1723 2687 dioeceseos
1745 2636 1801 2704 pri-

183 2709 198 2738 ·
208 2695 305 2770 (Cone.
317 2696 408 2753 Chalc.
419 2716 479 2753 can.
491 2697 951 2770 5.)iieepiscopisetclericisquise
1001 2711 1074 2751 nram
1089 2696 1180 2750 sedem
1195 2705 1327 2759 recurrat,
1343 2705 1386 2749 aut
1403 2697 1443 2777 ad⁸
1460 2695 1551 2751 sedem
1573 2696 1801 2776 Constantinopo-

154 2764 305 2823 deeivitate
315 2768 672 2834 incivitatemtranslcrunt,
682 2771 783 2838 placuit
793 2779 822 2824 ut
834 2787 952 2827 cationes
1001 2765 1124 2830 libanam,
1136 2765 1206 2834 apud
1217 2780 1297 2834 li¹¹³¹¹¹
1317 2781 1397 2820 &¹¹8²
1419 2766 1535 2846 dimitti·

154 2837 193 2907 qni
217 2838 354 2893 asanetis
367 2837 493 2893 Patribus
518 2840 603 2894 dehis
627 2840 695 2908 ipsis
716 2841 856 2895 constituti
875 2849 948 2908 sunt,
1038 2839 1050 2877 ⁸
1071 2832 1338 2915 (concertatorum
1356 2835 1799 2959 182Corqurationisrelconspi-

154 2920 224 2961 mam
239 2907 359 2963 babeant
370 2909 536 2964 firmitatem.
550 2940 586 2949 -
600 2908 693 2981 (Cone.
709 2910 814 2966 Sordic.
830 2928 888 2965 can.
910 2912 949 2983 l.)
1001 2906 1115 2961 ratiorris
1125 2905 1228 2960 crimen
1242 2913 1323 2958 ettarrn
1338 2919 1398 2986 aput
1422 2908 1612 2987 extrinsecasl
1647 2916 1798 2981 esperdtus

154 2975 249 3033 hosius
266 2979 411 3048 episeopus
430 2979 498 3034 dixit
514 2996 520 3032 :
536 2978 573 3034 Ut
584 2980 618 3034 de
637 2979 747 3034 civitate
762 2981 790 3034 in
811 2981 949 3036 civitatem
1000 2983 1173 3045 amputatur:
1192 2974 1376 3044 multomagis
1392 2990 1419 3027 ru
1433 2973 1554 3031 Ecclesia
1568 2976 1615 3033 Dei
1648 2997 1681 3036 oc
1694 2998 1728 3036 ne
1739 2985 1796 3051 liat,

153 3047 295 3118 qnisquam
307 3048 332 3103 si
349 3049 515 3120 migraverit,
537 3058 584 3103 aut
601 3053 743 3120 episcopus
765 3059 812 3105 aut
823 3053 947 3118 ctericus,
1000 3054 1106 3114 oportet
1118 3044 1267 3126 prohiberi.
1293 3044 1379 3126 igitur
1390 3043 1483 3099 clerici
1498 3054 1546 3124 aut
1561 3051 1702 3114 maniachi,
1717 3054 1740 3107 si
1759 3055 1796 3109 in·

151 3119 402 3175 excommunicatur
423 3127 572 3174 remouere.
999 3116 1071 3170 renti
1085 3117 1338 3181 iuerrntcotuuratr,
1354 3122 1399 3167 aut
1412 3118 1679 3184 percoruurationem
1689 3122 1794 3180 ealurn-

182 3186 306 3260 ¹’lilerio
322 3187 535 3261 canterano.)
552 3189 658 3244 Nullum
672 3190 796 3247 absolute
816 3190 947 3258 ordinari,
999 3186 1071 3239 triam
1095 3185 1281 3239 otachinantes
1303 3185 1437 3254 episeopis
1459 3184 1502 3239 rel
1515 3185 1638 3255 clericis,
1651 3193 1794 3263 proprium

144 3269 235 3328 neque
246 3258 448 3329 presbyterum,
462 3274 550 3329 neque
562 3259 714 3325 diaconum,
730 3276 817 3343 neque
840 3262 948 3330 penitus
998 3256 1126 3309 amittant
1138 3255 1261 3338 gradum.
1512 3326 1518 3339 ·

144 3341 312 3398 quemquam
326 3343 419 3384 eorum
434 3330 558 3398 quisunt
580 3330 609 3388 in
632 3331 818 3386 eeclesiastico
840 3332 945 3398 ordine,
1033 3327 1048 3366 ¹¹
1068 3325 1159 3396 (Cone.
1184 3323 1276 3378 dlrclc.
1299 3341 1358 3378 con.
1371 3323 1428 3396 il.)
1448 3324 1623 3385 Clerrcosrel
1640 3329 1733 3396 laicos,
1748 3333 1795 3404 qui

141 3398 198 3454 nisi
211 3398 369 3467 specialiter
393 3400 515 3455 eeclesiae
528 3399 657 3466 civitatis,
671 3401 712 3455 rel
725 3402 789 3466 rici,
812 3402 855 3455 rel
875 3416 947 3456 mar·
998 3404 1126 3451 accusant
1148 3395 1288 3463 cpismpos
1314 3395 1356 3475 rel
1368 3396 1497 3461 clericos,
1512 3401 1755 3472 quomodocunque
1767 3413 1796 3461 et

139 3468 221 3539 tyrii,
232 3469 281 3538 qni
294 3468 460 3525 ordinandus
486 3478 528 3525 est
550 3469 631 3524 luerit
652 3471 815 3527 declaratus.
843 3471 945 3528 liorum
997 3465 1167 3548 sincjudicio
1183 3481 1236 3547 nou
1251 3465 1351 3546 suscrpi
1369 3467 1403 3520 ad
1416 3469 1598 3550 occursandum
1615 3470 1724 3540 dehere,
1739 3475 1794 3532 nisi

137 3548 237 3592 autem
255 3539 452 3594 ordinationem
475 3540 638 3609 huiusmodi,
653 3541 699 3609 qui
726 3542 850 3598 absolute
872 3542 946 3597 ordi·
995 3552 1072 3606 prius
1085 3551 1178 3591 eornm
1192 3544 1357 3590 exrstnnatro
1370 3534 1452 3591 luent
1464 3538 1597 3594 discussa.

135 3614 256 3674 matur,
270 3609 412 3665 coristituit
425 3618 518 3666 sancta
546 3610 665 3680 synodus
688 3611 852 3668 inellicacem
872 3627 942 3679 esse,
958 3609 1043 3730 CA*
1067 3606 1224 3661 Bucltartlus
1237 3612 1318 3674 caput
1341 3606 1414 3663 istud
1437 3606 1570 3665 referteo
1588 3612 1699 3668 concilio
1722 3616 1793 3686 apud

132 3686 318 3748 uunquam
360 3695 421 3734 osse
433 3680 467 3735 ad
478 3680 630 3735 ordinantis
642 3678 768 3748 injuriam
785 3683 942 3752 praeualere.
1019 3678 1161 3748 quoaqrcni
1175 3693 1233 3746 cop.
1247 3676 1274 3729 i.
1294 3676 1431 3731 Siectiam
1453 3678 1498 3733 iro
1514 3688 1585 3749 part·
1602 3697 1649 3746 ¹¹¹,
1666 3699 1697 3739 cn
1719 3723 1726 3739 .
1746 3686 1791 3752 l'l,

177 3746 302 3820 ⁸(Corrc.
317 3693 532 3809 Cdalcaennssil
549 3750 601 3817 Qui
626 3751 710 3806 semel
726 3760 790 3806 suut
815 3752 942 3820 ordinati,
995 3746 1324 3830 inueterieodicesaneti
1344 3746 1462 3803 Victoris
1488 3748 1661 3808 parisiensis.
1704 3770 1747 3808 am
1762 3757 1791 3812 iu

133 3825 193 3873 ant
211 3818 258 3901 qni
273 3818 400 3874 monachi
415 3819 481 3874 lacti
494 3828 568 3885 sunt,
582 3821 775 3877 constituimus
801 3835 889 3892 neque
910 3824 944 3878 ad
995 3817 1044 3872 Ed·
1059 3818 1166 3897 ¹08¹²¹¹l2
1186 3816 1228 3871 Μ
1244 3833 1316 3870 ῑθηθ·
1334 3814 1458 3872 chalced·
1478 3836 1538 3889 “ll’-
1556 3820 1602 3876 23·
1627 3822 1790 3880 '¹¹¹'211110r-

136 3888 274 3943 nuiliuam
301 3903 389 3956 neque
415 3888 450 3943 ad
479 3891 635 3946 saecularem
657 3891 816 3960 dignitatem
841 3894 942 3947 venire.
995 3903 1048 3941 mna
1060 3888 1131 3943 edita
1148 3887 1195 3942 hh.
1210 3885 1241 3950 ll,
1254 3901 1313 3955 cat)-
1329 3885 1371 3950 15,
1387 3887 1430 3942 Ex
1444 3905 1517 3943 conc·
1530 3889 1654 3945 Chalced·
1669 3910 1727 3964 cap.
1741 3894 1788 3953 il.

138 3956 215 4012 Caum
228 3972 293 4012 vero
302 3958 355 4013 hoc
361 3959 536 4029 arripuerint,
551 3961 602 4016 nisi
616 3961 778 4030 penitentes
790 3963 824 4018 ad
837 3964 888 4018 boc
901 3980 944 4019 re·
995 3956 1082 4012 Sedin
1095 3957 1256 4012 Pannormia
1268 3973 1319 4011 rns.
1331 3957 1488 4012 inbiblioth.
1500 3957 1576 4015 Colb.
1588 3962 1788 4032 scriptumest:

140 4036 289 4082 vertantur
303 4030 376 4098 quod
395 4038 507 4101 propter
517 4031 601 4086 Deum
615 4031 761 4102 elegerant,
782 4035 943 4089 anathema·
994 4026 1037 4105 Ea
1047 4044 1121 4082 conc.
1136 4027 1207 4151 agrati
1222 4027 1507 4108 aquisgranobauue.

143 4098 278 4154 tiaentur.
1030 4108 1037 4147 1
1063 4099 1137 4152 lianc
1163 4096 1238 4151 'arch
1264 4105 1485 4153 constitutionem
1504 4100 1789 4160 noniuisseohserra·

177 4167 316 4239 tl(laruae.
336 4185 396 4224 eon.
422 4169 481 4240 li.)
499 4171 537 4227 ile
560 4171 701 4227 monacbis
714 4171 760 4241 qui
773 4170 820 4226 diu
835 4187 943 4226 moran·
993 4174 1049 4221 tani
1067 4169 1147 4223 docet
1159 4176 1240 4237 eaput
1253 4168 1364 4222 tertium
1383 4168 1490 4224 concilii
1505 4168 1665 4239 Trosleiani,
1680 4175 1725 4228 uhi
1745 4191 1788 4231 re-

146 4245 189 4292 tes
200 4238 228 4292 in
238 4240 421 4305 monasteriis,
434 4249 528 4314 postea
541 4240 574 4295 ad
588 4242 733 4298 clericatus
745 4241 867 4297 ordinem
880 4257 943 4312 per·
993 4237 1089 4292 fertur·
1104 4238 1174 4292 Tarm
1191 4252 1255 4292 rero
1274 4238 1393 4317 episcopi
1407 4237 1509 4313 addunt
1524 4256 1530 4292 :
1557 4239 1637 4295 Nunc
1657 4253 1744 4297 aaron
1757 4246 1787 4301 in

148 4307 267 4372 uariunt,
282 4325 336 4363 non
349 4310 447 4366 dehere
460 4326 507 4367 eos
530 4327 546 4365 u
561 4312 646 4380 priori
659 4311 798 4381 proposito
821 4312 941 4367 deviare.
992 4309 1160 4362 monasteriis
1172 4306 1227 4362 Deo
1237 4306 1331 4362 dicatis
1344 4309 1540 4371 monachorum,
1554 4312 1750 4379 corronirorum,
1761 4326 1787 4370 et

153 4375 280 4432 hutenim
306 4380 377 4434 sicut
395 4380 423 4434 in
439 4383 603 4437 monasterio
617 4381 676 4446 suit,
693 4392 720 4436 et
735 4382 807 4452 quod
823 4382 869 4437 diu
885 4398 943 4438 rer·
992 4378 1241 4442 sanctimonialium,
1253 4377 1426 4433 abbatesloicr'
1437 4380 1558 4433 cumtuir
1568 4382 1785 4453 predicabilis,

154 4447 229 4512 rarit,
244 4447 272 4502 in
295 4449 403 4504 meliori
428 4452 512 4521 gradu
529 4452 634 4521 positus
645 4453 771 4506 aurittrre
784 4453 939 4519 uouueue23
991 4446 1107 4515 filiolae,
1122 4464 1182 4501 cum
1189 4447 1315 4501 militibus
1328 4458 1465 4522 merantur
1477 4459 1500 4502 et
1516 4450 1634 4506 conibet.
1644 4453 1711 4509 vide
1722 4471 1787 4527 syn-

158 4516 393 4587 autsieorruptus,
417 4529 512 4589 postea
537 4523 698 4590 baptizatus,
725 4523 752 4576 in
776 4525 941 4580 monasterio
992 4517 1072 4571 01111111
1100 4516 1276 4588 Angiicanam
1300 4517 1371 4586 apud
1397 4519 1539 4589 Celiehyth
1568 4520 1688 4579 habitam
1714 4540 1785 4582 anno

160 4586 283 4643 emisso
295 4588 440 4646 clericatus
448 4592 569 4647 ordinem
591 4591 718 4647 accedere
729 4593 853 4657 soluerit,
875 4609 943 4651 uxo
992 4586 1053 4651 816,
1072 4603 1132 4657 cti)-
1146 4590 1173 4653 8,
1188 4596 1215 4641 θῑ
1229 4588 1373 4643 c⁰ss⁰ffi¹¹¹¹¹
1387 4588 1531 4653 Meldense.
1546 4606 1606 4661 cap·
1621 4593 1666 4649 75.
1679 4595 1718 4651 11.

162 4659 434 4715 ttuomninobahere
452 4677 506 4717 uon
528 4662 636 4730 poterit,
660 4662 724 4731 quia
746 4678 796 4718 nec
816 4664 940 4721 benedici
1028 4657 1041 4696 k
1062 4656 1153 4729 (Coae.
1168 4657 1258 4712 Chalc·
1274 4675 1333 4713 cro·
1346 4658 1403 4729 hi.)
1419 4659 1484 4726 Quo
1505 4660 1560 4716 ileo
1579 4664 1663 4721 sentel
1679 4673 1785 4721 sacrata

166 4735 210 4779 ffltt
221 4741 317 4795 sponsa
329 4736 419 4798 potest
427 4730 483 4799 iam
498 4740 653 4802 corruptus.
670 4733 735 4798 Quae
752 4732 839 4787 lor-ma
851 4749 941 4788 serru-
991 4736 1055 4782 suut
1065 4728 1229 4783 morrasteria
1244 4729 1391 4784 secundum
1408 4730 1596 4811 episcoporum
1609 4749 1783 4802 consensum,

167 4796 230 4854 turiu
240 4798 355 4863 clericis,
373 4801 490 4855 manime
501 4817 562 4857 curn
583 4811 658 4857 vetus
673 4802 766 4872 regula
779 4803 831 4857 hoe
842 4803 940 4859 lrabeat
990 4806 1096 4866 oportet
1117 4799 1316 4880 inperpetuum
1336 4808 1500 4855 monasteria
1524 4806 1684 4872 nuncupari,
1698 4814 1725 4859 et
1738 4821 1784 4860 eo-

168 4867 298 4936 ntquirque
310 4878 454 4939 corruptus
467 4872 619 4941 baptizatus
631 4873 746 4927 clericus
759 4887 820 4928 esse
839 4873 940 4930 voluis-
990 4883 1051 4922 rum
1064 4884 1110 4923 res
1121 4876 1294 4924 monasterus
1307 4870 1458 4924 reseruari:
1473 4878 1500 4925 et
1512 4888 1565 4927 non
1614 4889 1657 4928 sse
1670 4875 1783 4930 ulterius

169 4939 203 4995 Η,
277 4938 519 4997 deretseuxorem
534 4943 713 4997 omninonon
737 4944 845 4999 ducere.
989 4938 1127 4993 coenacula
1143 4939 1282 4993 secularia
1301 4939 1369 4994 heri.
1395 4939 1423 4994 Si
1437 4942 1483 5010 qui
1498 4956 1561 5006 rere
1596 4960 1635 4998 ac
1650 4943 1783 5013 lleriper·

193 5013 202 5041 ·
247 5016 296 5078 put
313 5010 386 5065 istud
406 5011 446 5067 sie
462 5013 599 5095 legiturin
618 5012 706 5082 capite
728 5013 809 5068 tortio
829 4995 1122 5072 couciliiDmiseriut,
1136 5009 1273 5064 canonicis
1289 5010 1441 5066 interdictis
1453 5010 1618 5079 subjaceant.
1717 5071 1719 5075 ,

169 5064 294 5133 indemni
308 5094 316 5133 :
332 5097 342 5131 r
356 5079 392 5135 Ut
404 5081 495 5137 cleriei
508 5090 534 5137 et
554 5082 689 5146 monachi,
712 5083 734 5137 si
755 5083 826 5139 inter
838 5100 868 5139 se
891 5100 938 5140 ne·
1028 5078 1036 5117 ¹
1058 5080 1086 5132 ln
1104 5078 1202 5134 Codice
1224 5079 1390 5150 iliripulensl
1416 5081 1514 5152 legitur
1534 5099 1541 5136 ε
1571 5082 1736 5136 accensionis
1752 5083 1782 5140 in

167 5144 247 5208 totino]
256 5149 366 5220 aliquod
379 5149 531 5218 habuerint,
546 5169 562 5208 a
575 5168 625 5208 suo
637 5152 936 5221 episcopojudiccntur‚
988 5147 1075 5212 coelor,
1090 5158 1113 5202 et
1127 5149 1252 5204 adventur
1271 5151 1386 5222 Spiritus
1397 5152 1480 5231 suncti
1499 5166 1577 5272 ''ff‘'
1588 5149 1737 5232 Apostolos,
1755 5164 1780 5208 et

167 5220 237 5272 etnuu
253 5219 466 5277 uraecuiuriuus,
478 5221 531 5278 Fas
542 5223 614 5279 euim
625 5237 678 5276 uun
691 5229 772 5278 estur
782 5223 866 5278 uir-lui
879 5239 937 5279 ruu-
987 5217 1060 5286 fideli
1074 5221 1264 5289 exspectatione
1276 5221 1359 5291 futuri
1376 5220 1471 5290 judicu
1496 5219 1523 5272 dr
1534 5226 1634 5288 recator
1660 5222 1779 5277 aaronica

167 5285 221 5343 letis
244 5290 362 5346 ministri
386 5292 571 5361 temporalium
594 5300 760 5363 potestatum
787 5293 937 5349 subdantur
987 5288 1154 5357 predicetur.
1172 5288 1225 5346 Sed
1238 5292 1296 5346 bace
1308 5305 1361 5345 uon
1375 5296 1482 5344 exstant
1494 5288 1521 5343 in
1533 5286 1673 5366 capitulari
1683 5288 1782 5360 Aquis·

166 5352 265 5414 chiano.
279 5381 289 5412 1
301 5360 402 5416 Banna.
988 5359 1125 5427 graneosi,
1138 5374 1225 5429 neque
1238 5361 1266 5414 in
1280 5359 1393 5416 coneilio
1407 5357 1612 5428 Carthaginensi
1625 5374 1659 5415 ex
1671 5375 1725 5431 quo
1735 5377 1781 5418 ca·

191 5423 199 5464 ¹
205 5426 291 5498 (Cone.
305 5428 397 5484 Chalc.
409 5447 468 5487 can.
480 5430 519 5506 9.)
531 5431 559 5488 Si
571 5432 632 5503 quis
642 5432 757 5488 clericus
770 5432 936 5489 cumelerico
987 5436 1036 5496 pul
1052 5428 1271 5499 istudsumptum
1285 5435 1336 5484 esi·
1364 5428 1462 5510 ΒΑΜ,
1576 5483 1615 5510 ⁸.

165 5501 252 5567 buum
264 5500 374 5564 habeat,
387 5500 542 5572 episcopum
556 5519 635 5559 suunt
647 5519 701 5558 non
725 5504 842 5569 deserat,
855 5511 884 5560 et
901 5502 936 5557 ad
1023 5510 1043 5538 ¹¹¹
1063 5497 1159 5570 (Cone.
1176 5498 1279 5562 chare,
1303 5499 1330 5552 t'o
1343 5497 1503 5577 prolqmoae
1521 5497 1592 5567 fido.
1606 5497 1615 5570 )
1644 5499 1724 5557 Anno
1742 5502 1777 5560 ab

165 5565 241 5624 illicia
252 5569 392 5626 aeerrlaria
412 5581 514 5639 currat,
528 5573 576 5629 sed
598 5574 675 5643 prius
687 5574 759 5644 apud
779 5573 935 5644 episcopum
985 5565 1138 5623 Alexartdro
1151 5568 1230 5633 1056,
1243 5583 1335 5624 mense
1351 5565 1445 5629 lutrio,
1461 5582 1507 5622 arr
1528 5568 1661 5625 llaleudas
1673 5568 1777 5639 luiii,a

164 5642 223 5692 turim
231 5640 367 5694 examinet
378 5656 499 5708 eausam,
513 5650 560 5698 aut
577 5651 652 5699 certe
668 5659 729 5700 cum
744 5644 882 5701 voluntate
894 5643 936 5714 ip·
987 5653 1084 5710 magna
1097 5639 1199 5708 synodo
1212 5639 1375 5695 dictumest:
1390 5635 1532 5695 Credimus
1545 5640 1572 5694 in
1585 5656 1667 5695 unum
1680 5641 1775 5709 Deuur,

164 5701 205 5762 ius
215 5709 331 5783 episcopi
345 5725 428 5769 eausa
442 5712 549 5769 dicatur
557 5710 628 5784 apud
650 5728 719 5785 quos
740 5721 831 5786 partes
853 5719 936 5772 utre
987 5708 1096 5768 Patrem
1107 5711 1331 5784 omnipotentem,
1343 5708 1464 5766 omnium
1478 5709 1626 5768 visibilium
1644 5720 1672 5769 et
1682 5712 1774 5769 inrisi-
1828 5736 1859 5752 Δ
