3824 6112
69 408 124 463 689

375 401 489 458 condit
506 401 802 459 alemannicus-
820 404 1047 479 CdPiTULded
1067 407 1200 465 St’tltitt.
1214 410 1309 465 -Ακ,
1329 411 1395 468 sati.

1640 412 1693 468 690

71 519 256 588 neglegamus,
270 513 421 568 animarum
431 521 583 568 nostrarum
595 513 718 575 salutem,
735 528 769 567 ne
780 515 857 569 nuliis
872 519 894 574 ,t
910 513 981 570 leant
992 517 1146 574 ,ministeria
1157 521 1313 590 adimplere,
1324 521 1420 575 utlleu
1431 519 1474 575 cui
1488 518 1619 574 assistunt
1630 537 1692 590 pito·

71 592 105 647 ad
119 600 247 658 magnum
261 586 368 638 eveniat
380 591 493 647 reatum,
511 583 535 637 si
546 590 621 638 tanto
632 590 771 638 coenante
784 583 856 653 peri·

70 661 134 717 culo
143 657 172 711 ivi
184 661 313 723 quantum
328 652 490 708 valuerimus
500 652 522 706 si
534 651 698 722 neglegimus
707 652 853 707 subveniri.

106 723 230 783 sectura
251 722 382 791 reponsio
394 721 581 791 emicopoiiim.
594 723 622 776 5.
636 721 724 775 Etiam
745 721 767 775 si
783 721 855 775 nulla

70 804 156 853 staret
165 790 313 849 uecesdtas
322 789 519 845 ecclesiastieae
529 790 684 861 disciptinae
695 792 853 859 expetenda,

69 878 171 922 revera
186 860 264 916 nobis
278 858 370 914 iiierat¹
383 858 447 917 illud
459 859 628 929 privilegium
647 860 718 920 sedis
738 869 852 923 vestrae,

68 934 142 1006 quod
156 929 290 999 susceptis
310 928 384 997 regni
406 927 525 986 clavibus
546 938 608 998 post
629 929 853 984 resurrectionem

68 1001 214 1060 salvatoris
224 1013 273 1069 per
284 1004 368 1052 totuin
379 997 471 1054 otltem
481 998 629 1053 beatissimi
641 997 714 1053 Petri
734 999 854 1069 singula·

69 1074 108 1129 ris
130 1068 295 1141 praedicatio
315 1066 500 1146 universorum
521 1067 770 1125 inluminationem
791 1083 854 1137 pro·

68 1143 172 1212 spexit3
184 1139 262 1194 cuius
272 1136 540 1204 vicariiprincipatus
553 1139 623 1194 sieut
633 1138 742 1202 eminet,
755 1138 792 1191 ita
801 1152 854 1192 me-

68 1211 186 1266 tuendus
204 1214 246 1263 est
265 1207 299 1261 ab
318 1204 442 1264 omnibus
463 1204 644 1262 clamandus.
666 1207 782 1266 Proinde
803 1221 852 1261 nos

69 1280 156 1335 heum
176 1279 204 1332 in
223 1276 301 1330 vobis
311 1273 437 1348 primitus
447 1275 598 1339 adorantes,
612 1276 654 1330 ciii
667 1275 725 1331 siue
742 1276 853 1345 querela

68 1349 187 1404 servitus
197 1345 231 1405 ad
243 1345 323 1400 iidem
336 1343 528 1402 recurrisemus
538 1345 684 1414 apostolico
695 1360 742 1400 ore
761 1345 856 1399 lauda-

69 1429 136 1483 tam,
150 1417 179 1472 id
188 1423 230 1472 est
239 1428 368 1483 respousa
382 1422 532 1482 querentes,
549 1415 620 1468 unde
635 1415 701 1468 nihil
712 1429 804 1470 errore
815 1415 856 1474 nis

68 1488 108 1544 hil
145 1482 362 1555 praesumptione
385 1482 431 1537 sed
450 1483 597 1552 pontificali
627 1492 714 1539 toturn
749 1484 851 1539 delibe-

67 1556 175 1611 ratione
199 1552 389 1636 praecipitur,
414 1559 443 1606 ut
466 1551 537 1626 quod
566 1553 711 1609 observare
743 1553 854 1618 velitis„

67 1624 223 1697 apostolicis
242 1622 366 1677 allatihiis
395 1621 567 1677 iustmamur.
592 1621 730 1690 Quatenus
750 1632 777 1678 et
798 1625 852 1676 t'ra-

68 1696 195 1750 ternitate
207 1692 318 1749 collecta
330 1690 442 1761 prolatis
463 1692 490 1747 iii
511 1692 626 1748 medium
646 1693 789 1748 venerandi
810 1707 855 1762 sy.e

67 1765 130 1820 nodi
146 1761 311 1825 constitutis,
335 1761 464 1815 adversus
487 1776 517 1816 ea
540 1777 610 1831 quae
631 1763 765 1817 contraria
788 1768 851 1816 sunt

67 1835 119 1916 legi
132 1839 223 1889 vestra
235 1830 395 1886 auctoritate
415 1830 522 1885 subnixi
536 1830 600 1900 quid
612 1839 736 1902 oporteat
750 1833 777 1886 in
800 1831 850 1886 ho·

907 584 978 640 tecto
991 586 1099 655 placem
1112 589 1224 656 possint.

940 655 967 708 6.
993 654 1147 712 Cavendum
1171 659 1267 727 quippe
1291 668 1349 723 est,
1371 667 1401 712 ut
1422 673 1475 711 uon
1499 656 1626 713 ineruditi
1656 660 1698 713 ad·-

905 724 1084 781 ministerium
1098 725 1200 781 Christi
1213 729 1254 782 vel
1268 728 1406 782 inlitterati
1419 736 1448 780 ut
1460 727 1536 780 decet
1548 733 1688 793 accedant,

905 808 948 856 ne,
965 795 1035 863 quod
1054 795 1134 861 absit,
1149 796 1254 851 eveniat
1273 798 1342 852 sicut
1359 797 1487 852 Dominus
1500 796 1538 848 ait
1556 812 1563 847 ι
1586 793 1613 849 Si
1626 813 1690 857 eae·

905 878 953 917 cus
967 877 1047 919 cacco
1069 864 1196 920 ducatum
1216 867 1351 934 prestitit,
1376 867 1454 920 ambo
1476 865 1504 918 iu
1526 864 1629 924 ioveani
1645 883 1696 929 can

905 932 980 986 dunt.
992 930 1058 998 Quia
1070 949 1124 988 nou
1137 949 1185 989 eos
1195 935 1319 990 convenit
1331 935 1461 990 secularia
1475 949 1539 987 cura
1548 947 1686 1004 peragere.
1698 954 1712 992 J

904 1001 945 1055 vel
961 1001 1041 1056 ctiam
1058 1015 1105 1071 per
1123 1002 1217 1058 domos
1231 1004 1332 1059 alienas
1346 1004 1562 1063 inconvenienter
1575 1019 1694 1068 conver:

903 1085 973 1133 sare,
986 1072 1032 1126 sed
1044 1073 1134 1139 potius
1147 1073 1174 1127 in
1185 1074 1323 1129 aecclesiis
1344 1073 1504 1136 habitantes,
1524 1072 1615 1133 dehita
1630 1087 1693 1131 stir-

904 1138 984 1194 dcant
995 1140 1082 1194 officia
1095 1157 1231 1200 exercere.

939 1210 964 1263 i.
976 1209 1059 1279 {gitur
1073 1213 1197 1266 monachi
1212 1219 1238 1265 et
1253 1210 1470 1267 sanctimoniales
1481 1210 1596 1264 leuiiuac
1608 1227 1688 1281 quac·

903 1293 956 1346 que
965 1293 994 1333 se
1006 1289 1100 1348 sponte
1111 1281 1166 1336 ileo
1179 1291 1306 1337 voventes
1321 1280 1497 1342 tradiderunt,
1510 1289 1537 1334 et
1556 1290 1619 1334 aiite
1639 1283 1688 1336 hu·

902 1362 997 1404 manos
1016 1351 1108 1404 oculos
1123 1351 1149 1405 in
1172 1352 1265 1406 habitu
1281 1351 1464 1421 religiositatis
1477 1350 1620 1404 ostendere
1642 1352 1688 1406 de-

902 1428 1053 1482 creverunt,
1070 1419 1097 1472 in
1112 1435 1143 1473 ea
1161 1421 1215 1474 vita
1228 1437 1260 1476 ae
1282 1421 1410 1490 reiigione
1422 1427 1449 1474 et
1461 1433 1542 1488 opere
1565 1420 1689 1474 studeant

901 1502 1069 1557 permanere,
1082 1490 1144 1558 quia
1163 1505 1224 1546 cnm
1246 1506 1275 1546 se
1296 1492 1322 1544 in
1337 1489 1422 1544 oeulis
1445 1490 1583 1543 nominum
1600 1497 1690 1544 osten-

901 1556 975 1616 dunt.
993 1559 1109 1612 maxime
1121 1559 1147 1614 in
1161 1570 1306 1628 conspeetu
1320 1560 1367 1614 Dei
1380 1559 1499 1627 protiteri
1512 1558 1687 1613 consideran-

902 1634 946 1679 tur
959 1627 1070 1682 aeterni.
1095 1628 1195 1683 idcirco
1211 1644 1324 1699 pensare
1344 1628 1479 1692 studeant,
1498 1643 1532 1681 ne
1551 1625 1619 1680 salso
1638 1644 1693 1681 iio-⁷

901 1694 973 1749 mine
986 1704 1013 1750 et
1026 1697 1119 1769 babitu
1145 1699 1307 1763 existentes,
1330 1697 1469 1768 hypocrite
1482 1697 1491 1727 ³
1505 1695 1686 1750 inveniantur.

900 1763 1012 1836 impium
1020 1766 1092 1820 enitn
1100 1774 1142 1821 est
1150 1767 1251 1822 homini
1261 1768 1316 1823 Ilec
1323 1766 1440 1822 mentiri.
1448 1765 1539 1835 ltaque
1550 1766 1689 1834 unusquis

869 1869 890 1928 B
904 1848 956 1902 quc
967 1835 1232 1900 observarestudeat‚
1245 1846 1272 1891 et
1285 1838 1365 1893 verba
1377 1834 1568 1904 sapientissimi
1579 1837 1687 1904 optimi-

65 1903 187 1958 miuibus
208 1900 405 1956 ordinationem
426 1898 485 1954 tieri
503 1900 658 1972 intellegere
670 1901 726 1956 Deo
744 1902 853 1955 iuvante
905 1918 957 1972 que
978 1904 1173 1973 praedicatoris
1199 1907 1406 1970 attenuarem
1422 1904 1478 1958 ait:
1496 1904 1685 1973 Unusquisque

65 1972 211 2095 pessimus.
226 1970 284 2024 terit
296 1967 416 2038 proiecto
428 1975 518 2024 vester
531 1969 692 2039 triumphus,
705 1971 729 2025 si
744 1981 853 2039 aposto·
904 1974 931 2027 in
946 1989 998 2042 qna
1015 1975 1155 2030 vocatione
1171 1985 1282 2030 vocatus
1293 1985 1344 2040 est,
1358 1976 1384 2029 iii
1397 1990 1428 2029 ea
1442 1982 1607 2042 permaneat.
1620 1974 1686 2027 Nam

75 2049 139 2096 atus
159 2039 240 2096 vestri
257 2038 421 2107 temporibus
435 2040 505 2107 quod
528 2040 614 2094 sancti
637 2039 709 2094 Petri
724 2041 852 2096 cathedra
903 2043 948 2112 qui
966 2052 1056 2099 votum
1081 2045 1235 2110 mutaverit,
1259 2044 1292 2100 de
1319 2054 1393 2100 reatu
1422 2058 1486 2097 suae
1508 2044 1687 2098 conscientiae

64 2110 190 2168 obtinere
213 2107 345 2164 catholica
367 2107 465 2162 audeat
475 2109 599 2173 eeclesia,
611 2109 637 2164 si
657 2108 760 2164 novella
782 2109 854 2164 aiza-
902 2113 1141 2182 promissionisque
1156 2115 1359 2185 constringitur,
1381 2121 1408 2167 et
1423 2129 1484 2167 rcus
1496 2113 1523 2167 in
1544 2112 1591 2167 Ilei
1605 2127 1686 2183 appa-

65 2179 174 2234 niorum
195 2178 298 2236 semina
310 2174 411 2231 inerint
430 2178 540 2234 omnino
552 2178 675 2248 stirpata,
688 2187 783 2234 orante
803 2194 853 2247 pro
903 2182 973 2237 rebit
985 2183 1093 2246 iudicio,
1107 2184 1129 2237 si
1144 2198 1173 2239 se
1186 2184 1328 2239 emendare
1339 2184 1448 2239 omnino
1459 2182 1583 2236 noluerit.
1595 2181 1687 2237 i’rovi-

65 2248 144 2303 uobis
156 2254 251 2304 saneto
261 2245 411 2328 apostolatu
424 2255 524 2313 vestro,
538 2248 594 2319 iugi
606 2263 672 2304 aevo
683 2249 773 2304 divina
787 2263 850 2304 con-

64 2325 158 2374 servet
174 2324 331 2372 aeternitas.

195 2427 300 2482 dissui
318 2426 419 2484 Christe
432 2427 552 2500 Eugenio
564 2446 648 2500 popae
661 2430 723 2484 cita.

98 2536 126 2593 i.
146 2538 262 2594 Oramus
274 2540 444 2595 sanctitatem
457 2549 585 2604 vestram,
602 2549 633 2595 ut
645 2557 725 2597 aures
745 2551 852 2598 vestras

64 2608 160 2662 intima
173 2609 263 2664 cordis
276 2608 416 2664 allectione
428 2626 476 2678 per
488 2610 592 2681 singula
606 2612 735 2667 attentius
748 2627 851 2667 accom-

65 2678 176 2733 modare
194 2678 356 2747 procuretis,
378 2687 408 2733 ut
422 2688 513 2734 noster
526 2681 601 2735 labor
619 2681 646 2736 in
660 2681 785 2737 omuibus
799 2698 849 2735 no-

64 2754 182 2801 strarum
196 2747 347 2801 animarum
357 2747 480 2818 proticiat
496 2751 530 2805 ad
550 2750 678 2815 salutem;
695 2751 756 2804 etsi
771 2752 859 2808 vobis.

64 2816 152 2883 placet
174 2826 204 2872 ut
225 2817 350 2882 audiatis,
374 2817 496 2887 legantur
519 2834 610 2873 miram
624 2820 759 2875 omnihus.
784 2819 850 2876 Uni-

63 2885 135 2941 versi
147 2887 340 2957 respondentes
353 2888 495 2946 dixerunt:
511 2888 650 2959 tegamur.

274 2993 424 3050 Theodorus
435 2996 560 3052 diaconiis
571 2996 642 3067 legit.

98 3082 126 3136 lii
148 3083 258 3139 nomine
279 3085 367 3139 Patris
377 3094 405 3139 et
416 3084 478 3140 Filii
489 3095 517 3140 et
539 3085 655 3155 Spiritus
669 3089 754 3142 sancti
776 3091 846 3158 quod

63 3161 104 3206 est
124 3153 233 3208 trinitas
257 3153 402 3216 individua,
423 3156 516 3224 primis
539 3156 658 3211 omniunt
679 3156 846 3214 deecclesiis

65 3221 111 3277 [lei
125 3236 195 3291 quae
206 3237 256 3292 per
268 3222 372 3294 singula
384 3223 441 3279 loca
455 3225 480 3278 in
495 3225 659 3294 parroechiis
671 3226 744 3281 vicos
758 3227 799 3281 vel
810 3230 848 3283 ci·

64 3291 163 3345 vitates
177 3292 204 3346 iii
217 3293 303 3347 ruinis
313 3292 434 3363 neglecto
447 3294 576 3359 remeent,
592 3295 618 3348 in
633 3296 730 3365 quihus
744 3312 794 3353 ncc
806 3297 847 3351 oi·

63 3361 123 3416 licia
140 3367 188 3415 aut
215 3361 357 3416 luminaria
370 3363 445 3425 siunt,
461 3379 510 3418 nee
531 3366 612 3419 etiam
624 3365 722 3420 ibidem
735 3382 784 3435 pro
798 3368 848 3422 ali-

63 3445 116 3498 quo
133 3431 246 3486 servitio
269 3431 449 3494 inveniuntur,
465 3440 492 3488 et
506 3433 582 3490 dotes
598 3450 666 3502 quae
682 3448 714 3489 ev
729 3445 862 3506 tempore·

63 3500 275 3555 coiisecrationis
298 3501 395 3555 ibidem
417 3501 495 3557 datae
516 3503 633 3567 luerunt,
648 3504 753 3559 ablatae
775 3515 846 3570 sunt,

62 3583 112 3623 nec
123 3570 302 3624 remirdantur
314 3585 381 3639 quas
398 3572 473 3640 privis
492 3573 679 3641 possidebant;
695 3575 849 3641 praevidete

63 3637 275 3706 itaque,iratres,
290 3639 406 3710 qualiter
421 3640 517 3696 domus
538 3641 596 3708 Dei,
610 3651 639 3696 ut
652 3644 780 3698 honoiem
800 3645 847 3699 ha-

902 2251 1018 2306 deiidum
1031 2253 1146 2334 denique
1167 2262 1208 2308 est
1227 2262 1254 2308 et
1266 2253 1428 2309 omnimodis
1440 2252 1587 2307 curandum
1606 2256 1687 2321 atqu'c

902 2321 1048 2376 studiosius
1061 2322 1234 2393 vigilandum,
1252 2323 1296 2378 cui
1309 2338 1372 2378 cura
1387 2321 1524 2392 regiminis
1543 2323 1685 2375 commissa

901 2397 952 2454 est,
965 2399 995 2444 ut
1008 2391 1075 2446 baec
1095 2392 1186 2446 omnia
1201 2399 1331 2460 oportuna
1354 2407 1414 2447 cum
1439 2391 1485 2445 Dei
1498 2391 1594 2444 timore
1612 2391 1685 2444 ordi-

900 2466 1010 2525 nentur,
1024 2475 1059 2514 ne
1079 2475 1128 2531 per
1141 2461 1290 2531 neglectum
1305 2460 1478 2531 pretermissa
1491 2460 1553 2522 sint,
1574 2468 1601 2514 et
1615 2462 1685 2528 peri-

900 2526 991 2584 culum
1002 2529 1152 2595 adcrescat,
1166 2545 1247 2600 quam
1261 2545 1310 2600 per
1322 2530 1516 2602 neglegentiam
1535 2538 1563 2583 et
1575 2540 1697 2599 peccata,

899 2598 1008 2655 adstant
1019 2607 1047 2654 et
1057 2599 1177 2674 pericula
1188 2600 1356 2657 adcrescunt.
1371 2600 1400 2656 si
1415 2615 1478 2655 vero
1493 2600 1700 2662 sanctitatae.

899 2676 973 2723 strae
988 2669 1084 2745 placet,
1100 2670 1211 2725 abbates
1230 2670 1273 2725 vel
1293 2671 1446 2726 abbatissae
1462 2684 1511 2739 per
1522 2670 1696 2733 monasteria¹

899 2752 968 2806 quae
979 2737 1125 2799 ordinanda
1138 2747 1201 2800 sunt
1213 2754 1265 2799 uon
1279 2755 1327 2809 per
1338 2754 1449 2799 munera
1462 2739 1629 2803 ordinentur,
1637 2741 1684 2795 sed

899 2806 1046 2863 studiosius
1066 2807 1246 2889 inquirantur,
1259 2809 1304 2878 qui
1319 2809 1409 2870 sciant¹
1425 2808 1472 2862 liei
1492 2808 1591 2862 habere
1605 2809 1684 2862 tirno-

899 2891 955 2930 rcm
969 2884 996 2931 et
1010 2876 1125 2932 hominis
1138 2879 1323 2941 reverentiam,
1341 2878 1472 2946 bonisque
1484 2875 1610 2956 operibus
1622 2890 1682 2944 pei·-

899 2944 1041 3015 fulgentes,
1056 2955 1085 3000 ut
1099 2947 1200 3015 optime
1211 2947 1309 3000 eruditi
1320 2947 1346 3000 in
1360 2946 1403 3000 his
1418 2960 1469 3014 que
1486 2945 1535 2999 sihi
1548 2945 1682 3012 pertinent

897 3023 1038 3080 maneant;
1063 3024 1090 3070 et
1111 3015 1246 3070 subiectos
1270 3016 1321 3070 sibi
1339 3025 1412 3070 recto
1436 3014 1615 3069 moderamine
1639 3030 1701 3069 se-

896 3085 1013 3144 cuudum
1025 3085 1108 3139 Deum
1121 3093 1148 3138 et
1161 3094 1280 3139 sanctam
1298 3085 1416 3155 regulam
1435 3084 1550 3154 pleniter
1560 3092 1586 3137 et
1599 3097 1682 3151 purae
1694 3116 1701 3124 ·-

899 3162 998 3276 queant
1008 3161 1119 3209 cunctos
1132 3156 1254 3218 edocere,
1270 3162 1300 3207 ut
1313 3155 1487 3223 desusceptis
1503 3153 1643 3207 animabus
1654 3154 1681 3207 iii

922 3224 946 3278 ci
963 3223 1083 3278 iudicio·
1098 3239 1193 3278 neure
1213 3223 1270 3279 rubi
1284 3223 1330 3277 sed
1343 3224 1431 3292 potius
1455 3222 1616 3278 immaculati
1635 3238 1680 3290 ap·

898 3301 1019 3362 pareant,
1032 3301 1163 3361 quatenus
1178 3238 1249 3347 illam
1261 3293 1462 3348 desiderabilem
1477 3307 1569 3346 vocem
1577 3282 1682 3360 possint
1715 3298 1720 3304 ’

898 3362 1012 3416 audire:
1036 3363 1200 3433 Euge,serve
1223 3364 1292 3417 bone
1307 3370 1334 3416 et
1352 3361 1446 3425 tidelis,
1468 3362 1530 3432 quia
1554 3362 1581 3414 in
1597 3376 1697 3429 pauca,

899 3430 973 3486 suisti
996 3431 1092 3494 tidelis,
1117 3446 1197 3502 supra
1221 3430 1305 3486 multa
1320 3439 1346 3486 te
1368 3432 1541 3497 constituam,
1563 3432 1635 3487 iutra
1654 3431 1681 3484 iii

898 3500 1024 3571 gaudium
1038 3501 1138 3556 domiui
1153 3501 1201 3555 tui.
1696 3517 1698 3521 ’

932 3569 958 3623 8.
979 3569 1206 3627 Considerandum
1218 3586 1282 3626 vero
1295 3571 1372 3626 nohis
1394 3579 1435 3626 est
1452 3580 1480 3626 et
1500 3587 1515 3625 a
1528 3570 1626 3653 populo
1639 3571 1680 3623 ni-

897 3639 949 3693 mis
961 3641 1117 3703 cavendum,
1132 3649 1162 3694 ut
1180 3640 1269 3695 nullus
1280 3643 1334 3695 eii³
1348 3643 1455 3711 propria
1467 3643 1625 3712 cognatione
1635 3649 1682 3692 aut

63 3706 143 3761 heaut
155 3723 171 3761 a
185 3708 309 3764 tidetibus
321 3710 486 3773 christianis,
501 3720 666 3766 restauratae
678 3712 805 3778 existant,
820 3724 848 3770 et
897 3709 1011 3763 velatam
1034 3708 1174 3764 diaconam
1196 3709 1238 3764 vcl
1256 3726 1285 3764 ra
1306 3720 1359 3765 tam
1374 3727 1486 3766 uxorein
1500 3711 1623 3778 accipiat.
1647 3724 1681 3763 nc

62 3776 197 3844 primitiae
212 3784 240 3831 et
252 3778 372 3833 redditus
388 3794 456 3849 quos
471 3779 540 3835 [icus
563 3781 686 3835 fidelihus
704 3781 781 3836 iussit
796 3784 847 3838 ibi·
896 3778 995 3834 talibus
1007 3780 1087 3837 rebus
1101 3780 1264 3851 aiiiniampe
1313 3788 1333 3842 t,
1349 3780 1680 3848 etprincipumiustiiiitis

61 3845 121 3899 dem
134 3845 243 3911 offerre,
261 3863 315 3901 non
328 3849 492 3903 minuantur.
506 3849 541 3904 Ut
554 3850 707 3905 sacerdotes
717 3851 842 3908 ministri·
895 3850 1038 3904 damnatus
1057 3851 1112 3903 siat.
1128 3850 1198 3904 llaec
1210 3853 1299 3904 autern
1313 3847 1411 3904 iratres
1422 3848 1575 3906 commissis
1585 3848 1681 3904 ovibus

62 3916 174 3982 queilei
189 3918 335 3972 secundum
358 3918 441 3972 Deum
456 3919 553 3973 ibidem
574 3921 722 3978 servientes
735 3931 763 3975 et
783 3939 847 3977 eon·
895 3934 911 3971 a
931 3918 1009 3973 nobis
1024 3919 1114 3973 sedule
1136 3917 1312 3973 ammonendo
1334 3926 1406 3981 sunt,
1426 3934 1459 3972 ne
1482 3919 1551 3972 iortc
1565 3917 1679 3985 populus

61 3995 202 4038 versantes
221 4000 298 4039 sunm
311 3987 414 4055 possint
426 3989 568 4044 observare
579 3992 757 4062 propositum.
778 3990 850 4057 Quia
895 3987 1059 4042 christianus
1073 3986 1119 4040 tali
1130 3986 1348 4054 praesumptione
1368 3994 1514 4041 temerator
1525 3986 1634 4050 existat,
1652 3995 1680 4040 et

61 4053 191 4121 scriptum
214 4065 265 4118 est,
282 4057 434 4112 sacerdotes
453 4072 505 4114 noo
527 4061 588 4114 aliis
610 4069 705 4115 vacent
720 4059 772 4114 nisi
788 4062 845 4119 sola
894 4064 950 4110 tam
965 4070 1013 4109 nos
1025 4069 1106 4125 quam
1118 4055 1175 4124 ipse
1188 4050 1326 4129 peccalum
1339 4055 1468 4109 incurrat.

61 4123 186 4178 oratioue
204 4124 318 4180 lectione
345 4133 371 4180 et
387 4128 595 4196 praedicatione.
622 4129 689 4183 llam
716 4129 777 4197 quis
802 4146 844 4184 se-
930 4125 956 4179 9.
977 4124 1015 4179 lle
1026 4124 1185 4194 quibusdam
1199 4125 1353 4194 regionibus
1364 4123 1397 4178 ad
1409 4139 1458 4180 nos
1469 4123 1593 4187 retertur,
1605 4123 1689 4192 quod

61 4206 144 4246 curus
169 4193 283 4248 iudicem
307 4198 411 4252 nuntiet
434 4197 456 4251 si
477 4213 573 4267 praeeo
592 4200 679 4253 tacet?
702 4208 729 4252 et
749 4207 778 4253 ut
797 4214 845 4269 per
895 4193 938 4249 die
961 4193 1055 4249 sancto
1074 4193 1208 4250 dominico
1231 4194 1300 4249 sicut
1328 4197 1356 4248 in
1382 4192 1444 4248 aliis
1467 4194 1571 4247 diversa
1596 4207 1687 4262 opera.

60 4261 220 4329 prophetam
233 4263 361 4321 Dominus
372 4267 537 4322 comminans
552 4269 589 4321 aii
602 4286 609 4321 :
624 4268 652 4322 si
667 4283 719 4322 non
738 4283 843 4323 annun·
894 4271 1063 4328 exercentur,
1076 4278 1145 4332 quae
1163 4263 1192 4318 iii
1206 4262 1252 4319 illu
1265 4262 1325 4317 deri
1338 4277 1392 4317 non
1411 4263 1583 4318 conveniunt.
1606 4264 1677 4328 Qua·
1694 4271 1696 4275 ’

61 4330 174 4386 tiaveris
184 4333 276 4402 miquo
288 4335 457 4404 iniquitatem
472 4352 558 4397 suam,
573 4339 728 4404 sauguinem
741 4338 799 4393 eius
812 4331 857 4391 de'
893 4341 1004 4403 propter
1016 4333 1183 4388 admouenda
1198 4332 1276 4387 nobis
1296 4332 1448 4391 neoessaiia
1469 4347 1512 4387 res
1526 4331 1618 4388 eiiistit
1627 4372 1633 4395 ‚
1642 4341 1680 4393 ,et

61 4415 144 4455 mauu
166 4408 210 4455 tua
232 4404 378 4472 requiram.
401 4404 468 4470 Quia
490 4407 513 4460 si
525 4409 679 4462 sacerdotes
691 4407 785 4475 inopes
797 4415 844 4462 aut
893 4403 987 4474 grandi
1002 4401 1209 4458 comminatione
1219 4401 1346 4484 pupulum
1360 4401 1510 4464 cohercere,
1526 4416 1559 4455 ne
1573 4402 1623 4455 hoe
1634 4401 1677 4455 die

61 4468 237 4538 inprudentes
261 4473 387 4536 existunt,
410 4475 522 4543 qualiter
541 4484 653 4544 possunt
675 4475 734 4530 aliis
748 4477 844 4531 subve-
895 4472 1011 4527 divinam
1023 4487 1116 4526 vocem
1130 4471 1276 4527 obaudiens
1298 4472 1394 4526 servile
1408 4487 1475 4540 opus
1487 4471 1677 4530 ,audeatexer-

60 4539 137 4593 nire?
158 4538 225 4606 Quia
239 4541 285 4610 qui
300 4543 350 4596 sihi
362 4559 476 4612 nequam
489 4553 540 4606 est,
555 4546 598 4599 eui
618 4546 663 4599 alii
676 4546 762 4599 bonus
773 4546 843 4600 erit?
856 4550 883 4613 n
894 4558 969 4605 cerc;
983 4542 1045 4611 quia
1059 4556 1105 4595 sex
1119 4541 1213 4596 diebus
1223 4541 1287 4601 iecit
1299 4541 1369 4595 Deus
1383 4541 1524 4598 meismet
1538 4548 1635 4595 terram
1650 4550 1677 4595 et

61 4608 146 4688 Quam
160 4610 195 4663 uh
208 4625 265 4665 rem
279 4612 360 4667 silici
373 4614 468 4668 domus
482 4615 508 4667 in
519 4624 674 4683 paupertate
685 4623 730 4668 aut
741 4616 843 4669 destru-

60 4685 149 4755 ctione
159 4679 336 4745 inveniantur,
348 4684 481 4751 quomodo
494 4683 606 4752 pupulus
620 4685 665 4738 ilci
676 4686 771 4739 docere
780 4700 842 4754 pos-

62 4746 123 4829 siti·
135 4745 478 4827 Renmte.imtres,qualeni
495 4754 624 4808 rationem
646 4763 708 4807 aute
723 4754 840 4808 tribunal

61 4814 162 4870 Christi
177 4818 305 4873 reddituri
318 4821 427 4885 crisias,
449 4821 538 4875 videat
559 4822 632 4891 plebs
653 4823 796 4878 elisistiana
817 4823 845 4878 si

59 4883 157 4967 deuius
170 4885 216 4940 bei
228 4887 294 4942 haec
303 4890 449 4959 patiuntur,
460 4891 524 4960 quid
535 4893 568 4946 de
588 4891 635 4946 ss¹
648 4907 750 4961 suaque
760 4894 840 4949 domo

61 4969 172 5036 suisque
193 4958 308 5024 posteris
329 4960 698 5027 aestimeturi¹Quoiiiam·ile
716 4963 841 5018 omnibus

62 5025 212 5104 ¹renonibus
224 5034 251 5079 et
266 5028 439 5098 neglegentiis
461 5046 553 5085 sumus
575 5031 603 5084 in
622 5032 759 5086 tremendo
781 5046 842 5085 eia·

59 5108 132 5147 utine
146 5094 277 5149 rationem
292 5097 347 5152 [leo
359 5099 497 5154 reddituri.

92 5161 119 5215 5.
142 5162 234 5232 ltaque
247 5168 399 5223 sacerdotes
413 5178 440 5222 et
454 5169 567 5223 ministri
590 5169 688 5224 Christi
703 5171 747 5239 qui
771 5170 842 5225 inter

55 5233 157 5299 gradus
180 5234 340 5290 clericorum
364 5239 478 5292 ordinati
498 5239 626 5302 existunt,
647 5240 736 5294 debito
757 5239 844 5293 cilicio

55 5304 207 5360 secundum
233 5305 315 5359 [lcum
340 5316 367 5360 et
390 5308 537 5362 doctrinam
558 5316 664 5376 patrum
678 5310 703 5362 iu
720 5310 844 5365 omuibus

55 5381 263 5437 conserventur,
276 5375 373 5430 eruditi
385 5378 532 5431 existentes
542 5378 569 5431 iii
588 5377 686 5433 divinis
699 5379 782 5440 libris,
799 5393 844 5432 va·

55 5440 184 5520 lea-utque
195 5460 225 5497 se
235 5445 389 5513 conspicere
399 5456 426 5499 et
436 5446 502 5500 alios
513 5449 679 5502 emendando
691 5450 795 5503 ducere.
808 5448 842 5502 Ut

53 5513 156 5577 qiiibiis
178 5516 322 5569 commissa
345 5525 407 5570 sunt
433 5517 524 5570 divina
556 5524 672 5570 tiaietare
701 5517 840 5583 misteria,

52 5581 205 5648 prudenter
218 5593 298 5653 atquc
318 5585 443 5641 ileeeiitcv
464 5587 546 5641 ¹cnm
561 5587 607 5642 Dei
622 5588 716 5642 timore
727 5603 774 5641 sua
796 5601 842 5640 va-

894 4611 984 4667 omnia
1005 4625 1074 4680 quae
1087 4619 1149 4665 suut
1166 4611 1193 4664 in
1207 4610 1261 4674 eis;
1284 4610 1380 4678 dieque
1448 4611 1513 4665 tinio
1530 4611 1676 4679 requievit,

894 4695 974 4749 quem
988 4681 1123 4736 benedixit
1135 4689 1161 4734 et
1175 4679 1355 4734 sanctihcavit
1373 4689 1400 4733 ct
1414 4706 1419 4732 i
1439 4681 1496 4751 oysi
1508 4679 1589 4734 verba
1610 4680 1678 4748 legis

893 4749 1060 4819 praecipiens
1072 4750 1129 4802 ait:
1144 4750 1305 4805 liementote
1319 4749 1370 4804 diei
1384 4749 1498 4813 sabbati,
1514 4758 1544 4803 ut
1557 4750 1677 4804 saiictih-

892 4835 956 4885 ces;
971 4816 1124 4889 requiescas
1138 4827 1165 4873 tu
1177 4828 1205 4875 et
1222 4835 1290 4888 quae
1306 4828 1351 4873 tua
1365 4827 1441 4885 sunt;
1457 4828 1485 4873 et
1497 4826 1526 4873 nt
1537 4818 1676 4888 psalmista

892 4890 1017 4944 admonet
1028 4889 1133 4944 dicens:
1148 4890 1245 4944 llaeate
1258 4900 1285 4944 et
1304 4890 1392 4944 videte
1406 4890 1531 4959 quoniam
1545 4902 1595 4958 ego
1617 4903 1676 4942 sum
1694 4902 1696 4907 ’

892 4960 1024 5013 dominus.
1047 4958 1115 5012 Etsi
1129 4958 1243 5027 populos
1258 4958 1422 5013 liebreorum
1436 4975 1496 5014 cuin
1510 4964 1584 5010 tanta
1595 4957 1674 5011 devo

891 5029 964 5083 tione
977 5027 1259 5097 hodiecelehratquod
1272 5028 1297 5082 ei
1310 5028 1336 5081 in
1349 5028 1432 5098 ligura
1446 5026 1508 5082 iiovi
1522 5025 1675 5080 testamenti

890 5099 1065 5153 commissum
1082 5104 1133 5162 est,
1156 5105 1256 5165 quanto
1270 5097 1356 5177 magis
1413 5098 1490 5167 pulus
1511 5094 1674 5150 christianus

892 5169 963 5222 diem
991 5175 1112 5223 sanctam
1137 5168 1342 5221 resurrectionis
1392 5167 1473 5221 omini
1505 5164 1591 5219 nostri
1616 5165 1676 5219 lesu

894 5238 993 5292 Christi
1006 5246 1032 5293 ct
1046 5246 1154 5291 nostrae
1168 5236 1359 5304 redemptionis
1380 5251 1441 5289 euin
1457 5250 1555 5304 magno
1573 5235 1675 5289 bonove

894 5318 974 5375 atque
987 5308 1084 5362 timore
1097 5307 1175 5362 dehet
1187 5307 1340 5368 observare,
1356 5312 1383 5359 et
1396 5320 1449 5360 non
1462 5306 1488 5359 iu
1501 5304 1561 5360 aliis
1578 5319 1675 5358 vacare

893 5378 944 5430 nisi
958 5378 1089 5441 oratioue,
1104 5387 1130 5431 et
1143 5375 1176 5429 ad
1191 5375 1332 5430 ecclesiam
1356 5375 1402 5429 Dei
1417 5388 1581 5429 concurrens
1594 5388 1670 5444 prau-

892 5455 1022 5514 eeptaque
1054 5446 1142 5500 diviua
1165 5460 1226 5499 euin
1251 5445 1400 5498 reverentia
1427 5443 1536 5506 audire,
1565 5452 1674 5511 totoque

891 5516 972 5570 corde
984 5517 1130 5584 percipere,
1145 5515 1254 5570 eredere
1268 5523 1294 5568 ct
1310 5514 1428 5580 operari,
1442 5522 1469 5566 et
1483 5528 1580 5582 corpus
1594 5512 1671 5567 Clivi-

892 5586 925 5638 sti
941 5586 1011 5653 qnod
1027 5595 1199 5640 cousecratur
1212 5584 1292 5654 digne
1306 5583 1429 5639 studeant
1441 5596 1599 5644 assuiiicvc.

666 5699 857 5755 VallthTES
876 5699 1064 5757 Lectiones

92 5805 186 5859 ¹rcc.
225 5805 413 5862 ’iluceiitcre
454 5807 596 5876 ³bypovite
610 5823 633 5860 c.
673 5806 819 5862 ⁸iidicioe.
859 5807 966 5873 'etc.,‚
