3826 6112
222 223 278 280 dii)
690 218 722 274 tt.
743 216 867 275 cattuct
884 215 990 272 MAGNJ
1008 213 1083 273 ΟΜ).
1101 215 1192 271 utus
1208 215 1230 270 l.
1250 213 1346 271 sum.
1364 211 1386 269 1.
1807 213 1861 270 dte

222 345 412 409 praeparetur,
430 335 463 390 ad
476 331 594 389 omniurn
615 332 755 388 rtobiscum
769 333 890 388 euntium
902 347 1014 401 praepa·
1028 337 1052 392 Α
1065 329 1093 385 in
1104 329 1273 384 dominorum
1294 327 1396 383 ιιιιιιιιιι
1409 325 1499 380 uiuant
1511 323 1713 395 procuratione,
1729 330 1860 395 quamde

223 431 359 485 rationem
371 442 458 480 annus
472 442 533 480 eum
556 441 603 479 sex
627 425 818 480 ebdomadibus
832 441 882 494 pro
902 424 1017 480 induciis
1065 418 1093 472 in
1108 419 1213 486 ἱιιθθιιῑι
1226 419 1247 448 ¹⁰
1259 418 1356 471 ladani
1368 416 1553 485 θψθιιῑῑῑθῐιθὶ
1566 424 1594 469 Θῑ
1606 416 1761 485 qartmutda
1777 418 1861 473 ΝΜ

226 523 315 582 detur,
331 526 359 572 et
371 516 461 570 taliter
473 531 522 585 per
533 523 619 569 totum
635 515 643 545 ¹
658 530 769 585 regnum
782 513 905 568 fidelibus
916 512 1017 569 uostris
1066 509 1136 564 lilius
1146 508 1234 578 regnis
1247 509 1266 539 ¹¹
1279 508 1420 578 pugnando
1440 506 1625 575 acqttisicriut,
1637 518 1731 577 partes
1744 510 1816 563 duas
1828 511 1862 567 ad

222 609 371 663 indicetur.
387 605 554 672 Cuicumque
569 613 659 658 autent
674 603 819 659 secuudum
847 603 916 657 hanc
931 600 1017 672 legem
1066 600 1189 656 doruiuos
1206 598 1335 664 delerant,
1353 599 1460 655 tertiam
1481 597 1534 653 sibi
1554 612 1604 667 pre
1616 599 1806 657 consolatione
1820 617 1862 657 re·

222 701 320 754 cadem
335 696 470 766 expeditio
480 695 636 764 imperetur,
655 696 678 750 si
691 696 725 750 ad
744 695 847 749 curiam
869 693 1016 759 Gallorum,
1065 692 1180 745 tincant.
1193 689 1266 757 Quos
1289 698 1378 745 autcm
1393 705 1446 744 nou
1460 697 1575 759 pascunt
1599 690 1714 758 domini,
1735 693 1773 747 ad
1790 694 1864 764 ἱῃεοιι

223 791 278 845 linc
290 790 369 844 estin
385 803 508 857 campum
522 788 567 855 qui
577 787 655 857 uulgo
667 787 796 857 lluugalle
808 787 914 849 dicitnr,
935 786 1019 841 domi·
1066 790 1204 852 reportent
1217 782 1322 835 tertiam
1333 791 1438 850 purtem
1452 780 1495 835 sui
1518 781 1656 850 acquisiti.
1675 781 1785 852 Singuli
1798 802 1863 841 acro

225 895 290 932 ιιιιιιι
305 894 384 933 suurn
400 893 453 931 ιιοιι
468 878 621 940 cornitetur,
636 886 664 932 et
678 877 718 932 tot
732 892 794 932 cum
816 876 926 930 militari
939 890 1018 946 appa-
1065 873 1201 942 principes
1213 889 1277 927 suos
1294 873 1411 927 habeant
1425 870 1590 928 officinurios
1610 875 1755 943 speciales,
1773 893 1861 933 nura-

223 978 353 1023 ratunon
372 976 596 1036 repraesentetur,
613 964 693 1021 feodo
716 974 807 1035 preter
831 966 938 1035 eosqui
955 981 1017 1021 cum
1065 967 1189 1030 calcum,
1214 964 1383 1034 dapiferum,
1416 965 1572 1034 pincernam
1602 974 1631 1020 ct
1653 967 1862 1036 kamerariuru3

226 1059 313 1127 gnatia
322 1057 493 1113 dominorum
507 1071 618 1110 suorum
632 1056 821 1120 remanserint,
833 1056 859 1110 in
872 1065 1017 1125 conspectu
1067 1058 1111 1126 qui
1124 1057 1251 1126 iquanto
1264 1057 1325 1125 plus
1337 1064 1400 1110 sunt
1419 1056 1577 1122 laboraturi,
1594 1065 1670 1115 tanto
1689 1058 1752 1129 plus
1766 1060 1796 1115 in
1820 1063 1862 1119 sti

222 1159 321 1204 ansteo
331 1149 432 1217 absque
445 1162 492 1217 spe
507 1148 717 1216 recuperationis
729 1147 859 1217 privetur.
866 1147 916 1213 Qui
927 1156 1017 1202 autera
1066 1147 1174 1216 pendia,
1188 1147 1215 1201 in
1226 1147 1335 1211 vestitu,
1349 1147 1378 1200 in
1400 1145 1525 1214 equitum
1539 1160 1605 1216 prae
1616 1148 1716 1203 ceteris
1726 1159 1797 1204 sunt
1813 1151 1863 1206 lao-

221 1255 274 1311 per
285 1241 433 1296 hominium
449 1241 469 1303 ¹,
484 1239 541 1295 siue
554 1239 633 1294 liberi
647 1240 704 1295 sive
717 1238 818 1302 famuli,
833 1241 949 1296 dominis
962 1241 1019 1297 suis
1067 1238 1195 1303 uorandi,
1213 1238 1316 1294 scilieet
1329 1237 1473 1307 unicuique
1488 1238 1509 1269 ¹¹
1526 1238 1640 1293 istorum
1653 1239 1687 1294 ill
1697 1239 1788 1296 librae
1802 1258 1864 1297 turn

221 1330 406 1392 adhaeserint,
432 1338 498 1399 quot
512 1330 604 1384 decem
625 1345 733 1384 mansos
747 1331 774 1384 in
788 1330 918 1386 benetieiu
932 1331 1019 1400 possi·
1069 1330 1154 1383 tribus
1163 1328 1239 1397 equis
1250 1328 1420 1392 tribuantur;
1439 1333 1552 1396 qttarlus
1565 1329 1715 1385 utarsca'oe
1735 1331 1863 1398 addatur,

221 1420 317 1484 deant,
339 1425 379 1473 tot
398 1417 510 1473 brunias
523 1433 583 1472 cum
599 1417 703 1473 duobus
722 1419 848 1472 scutariis
870 1419 880 1450 ¹
902 1419 1016 1487 ducant,
1067 1434 1183 1489 quorum
1197 1434 1281 1473 unum
1295 1418 1328 1473 ad
1350 1417 1589 1488 praecurrendum,
1615 1420 1732 1476 alterum
1754 1423 1790 1478 ad
1815 1439 1864 1494 pu-

226 1508 262 1562 ita
277 1515 367 1562 tamen
383 1514 411 1560 ιιι
423 1521 472 1576 pro
486 1503 626 1574 ltalsperga
640 1514 696 1560 tres
707 1521 812 1560 marcas
824 1515 852 1560 et
863 1523 912 1578 pro
923 1508 1017 1578 siugu-
1052 1511 1213 1578 anundum,
1229 1509 1338 1563 tertium
1351 1508 1384 1563 ad
1397 1509 1576 1578 spatiandum,
1593 1518 1720 1579 quartum
1744 1513 1781 1567 ad
1798 1513 1864 1569 luri-

225 1594 260 1649 lis
271 1594 397 1649 scutariis
412 1594 532 1665 singulas
550 1609 655 1649 marcas
675 1595 823 1665 accipiant;
840 1605 868 1650 ct
880 1597 1017 1655 siccundo
1068 1613 1128 1654 cam
1137 1601 1308 1670 portandum.
1322 1599 1367 1654 lati
1390 1613 1454 1653 aero
1469 1599 1537 1655 tales
1555 1615 1696 1672 remancre
1707 1603 1864 1673 cupientes,

225 1701 258 1740 ae
271 1685 406 1740 redeundo
427 1701 489 1739 cum
506 1686 558 1740 hoc
581 1687 714 1756 stipendio
730 1686 740 1717 ¹
757 1688 817 1743 siue
836 1691 910 1745 omni
933 1690 1018 1745 domi·
1034 1674 1091 1747 Bsi
1105 1692 1175 1762 apud
1187 1693 1210 1724 ¹¹
1220 1692 1343 1747 dominos
1357 1693 1501 1762 impetrare
1512 1692 1534 1724 ¹¹
1544 1692 1659 1758 ualeant,
1674 1704 1743 1764 quot
1754 1712 1864 1754 mansos

223 1792 321 1831 trorum
335 1776 451 1846 dampno
463 1775 503 1830 vel
517 1792 633 1846 expansa
645 1777 718 1831 nisi¹
732 1787 862 1847 parantum
875 1780 941 1849 ipsis
953 1780 1019 1837 'do
1067 1783 1223 1853 possideant
1240 1792 1280 1838 tot
1291 1782 1313 1815 ¹¹
1332 1783 1415 1838 libras
1421 1798 1489 1838 suae
1499 1793 1622 1838 monetae
1633 1784 1675 1840 uel
1698 1795 1788 1841 totum
1809 1787 1864 1843 lra-

222 1867 307 1922 miuis
330 1867 464 1937 placuerit
490 1867 605 1922 fideliter
622 1868 751 1922 serviant.
778 1868 805 1923 Si
825 1878 915 1924 ιιιιιιιι
938 1870 1017 1938 forto,
1068 1885 1142 1930 ctum
1156 1873 1227 1931 leodi
1240 1874 1268 1928 iu
1285 1873 1332 1928 illo
1345 1890 1416 1930 anno
1437 1890 1486 1945 pro
1500 1876 1812 1947 stipendiopersoltant.
1828 1880 1864 1938 llt

220 1960 296 2028 ›qttod
308 1960 389 2024 absit,
402 1960 517 2025 accidat,
532 1968 561 2013 ιιι
576 1960 646 2014 idem
669 1961 769 2016 milites
792 1963 912 2017 divorsos
934 1963 1019 2018 domi·
1068 1973 1159 2019 autem
1179 1973 1300 2021 nostrum
1320 1966 1463 2035 imperium
1477 1966 1512 2021 ab
1525 1967 1653 2022 omuibus
1674 1967 1777 2024 habeat
1799 1986 1864 2040 sup-

224 2058 396 2119 unspropter
419 2050 525 2104 ‹ltrersa
545 2049 674 2104 ltcnelrcia
696 2052 846 2120 acquirant,
864 2067 897 2107 ue
911 2053 1019 2122 aliquod
1068 2057 1242 2126 plumentum,
1260 2056 1312 2112 hoc
1332 2056 1523 2111 constituimus
1540 2065 1569 2112 ct
1590 2057 1704 2112 tirmiter
1726 2061 1864 2131 praccipi-

225 2140 547 2196 lteuoltciumiudebitum
560 2141 951 2212 uelsinescruitioromaneat,
964 2145 1020 2201 siu·
1068 2162 1139 2212 rarus,
1151 2154 1182 2209 ut
1196 2145 1294 2216 singuli
1317 2145 1424 2215 huringi
1446 2145 1538 2201 decern
1561 2161 1624 2200 cum
1648 2145 1682 2200 ¹2
1699 2145 1812 2204 funibus
1832 2152 1867 2207 da

224 2234 280 2305 guli
293 2235 397 2305 singula
411 2235 501 2290 debita
512 2235 625 2304 siugulis
639 2236 757 2292 dominis
769 2237 932 2307 persolvant,
945 2238 1019 2294 uidc—
1067 2250 1171 2305 canapo
1184 2233 1285 2290 solidos
1304 2233 1422 2289 dominis
1446 2234 1503 2289 auis
1522 2234 1687 2304 impendant,
1700 2244 1731 2290 et
1754 2238 1867 2311 insrrpcr

224 2323 287 2379 licet
297 2327 467 2394 quantumali
479 2326 545 2396 ipsis
552 2326 576 2381 si
589 2327 659 2381 irent
669 2329 805 2398 accepturi
816 2337 903 2395 crant,
912 2338 1017 2385 tantum
1068 2326 1234 2382 soumarium
1258 2341 1320 2380 cum
1340 2325 1461 2395 capistro
1473 2325 1640 2392 cortedune
1663 2341 1758 2398 quem,
1774 2331 1797 2385 si
1816 2331 1866 2386 de

224 2428 255 2469 sc
274 2416 385 2471 daturos
402 2426 576 2488 cognoscant,
590 2417 631 2472 uel
653 2418 680 2472 in
701 2417 904 2488 praelatatum,
922 2432 953 2475 ut
979 2420 1019 2476 di·
1068 2419 1134 2474 mini
1159 2417 1314 2484 soluerint,
1342 2418 1392 2490 ipsi
1405 2418 1439 2472 ad
1466 2419 1581 2488 primam
1611 2420 1737 2475 navalem
1767 2437 1864 2493 aquarn

225 2515 299 2561 ctutu
311 2514 362 2571 est,
377 2505 481 2562 feodum
492 2508 618 2562 amittant
628 2509 656 2574 7;
672 2509 724 2565 nisi
737 2510 818 2581 aliqui
830 2527 845 2565 a
856 2512 936 2567 nobis
950 2512 961 2544 ¹
975 2511 1018 2567 vol
1067 2523 1153 2579 usquc
1167 2508 1188 2575 ¹¹
1203 2491 1361 2579 perducant:
1384 2506 1579 2562 Mansionarius
1593 2507 1610 2562 5
1632 2509 1759 2576 solidos,
1782 2514 1864 2568 absa·

224 2611 339 2667 arogno
363 2598 418 2652 sint
443 2597 634 2663 irrltcuedciati,
649 2600 677 2654 lui
701 2600 725 2654 si
746 2601 885 2656 nobiscum
909 2602 1017 2667 radant,
1068 2601 1125 2656 rius
1141 2598 1326 2665 illidenarios,
1346 2598 1495 2655 bunumms
1510 2599 1530 2630 ¹¹
1556 2598 1599 2664 ts,
1624 2602 1809 2657 ouorumlilut
1827 2604 1863 2658 la-

225 2688 391 2743 nolumusut
416 2686 522 2744 feodum
538 2689 673 2754 amittant,
695 2698 736 2746 set
751 2692 884 2762 stipendia
898 2691 949 2747 nisi
973 2707 1017 2748 uo
1068 2707 1128 2747 rum
1149 2691 1172 2723 ¹⁸
1191 2704 1362 2761 possessores
1381 2689 1398 2744 6
1421 2691 1571 2761 suppleant.
1596 2690 1631 2745 Et
1644 2690 1758 2749 uthaoc
1779 2697 1861 2751 nostri

225 2781 328 2837 luntate
342 2782 511 2838 dominorum
525 2783 819 2855 nonpractermittant.
842 2781 1019 2837 Sintilitcrdc
1067 2780 1169 2836 decreti
1196 2781 1346 2835 auctoritas
1369 2779 1552 2834 inuiolabilcnt
1576 2788 1605 2834 ct
1623 2780 1812 2852 incorruptam
1836 2784 1860 2840 in

223 2874 404 2929 ecclesiarum
420 2875 483 2931 liliis
496 2874 538 2929 uel
562 2874 728 2938 dorrtcsticis,
742 2873 769 2928 id
782 2880 824 2928 est
837 2873 1019 2928 utinisteriali·
1068 2875 1115 2930 liei
1126 2875 1234 2929 nomiae
1244 2873 1314 2944 apud
1325 2888 1421 2929 omnes
1432 2886 1603 2927 successoros
1621 2880 1734 2929 nostros
1745 2874 1858 2930 οιιιιιιοιι

224 2965 287 3029 lius,
301 2964 342 3020 uel
355 2981 578 3036 quorumcunque
590 2966 741 3036 principum
762 2964 887 3021 clientela
899 2965 946 3034 qui
960 2973 1018 3021 cot·
1067 2964 1243 3019 emunitatem
1261 2963 1298 3031 ¹¹,
1321 2962 1426 3018 cunctis
1452 2961 1618 3032 principibus
1643 2962 1667 2994 ¹¹
1684 2963 1733 3033 qui
1754 2963 1856 3018 aderam

224 3054 291 3109 tidie
313 3054 347 3110 ad
368 3055 538 3110 serviendum
561 3056 649 3125 parati
663 3070 723 3111 cssc
737 3055 844 3122 delient,
865 3057 1016 3122 statuimus,
1069 3057 1286 3127 astipulantibus,
1296 3072 1376 3110 manu
1388 3055 1495 3126 propriu
1505 3057 1670 3111 stulitcream
1682 3058 1852 3113 mhoratcde·

226 3152 257 3199 ut
274 3144 428 3214 quicunque
441 3144 459 3199 5
471 3161 580 3200 mutuans
601 3145 628 3200 in
643 3143 774 3201 henoticio
786 3145 954 3214 possideant,
969 3145 1018 3200 do-
1069 3149 1204 3206 cretiruus
1213 3157 1241 3206 et
1251 3147 1344 3204 annuli
1357 3147 1443 3203 nostri
1458 3148 1536 3218 siguo
1546 3148 1568 3178 ¹¹
1581 3148 1717 3218 assignari
1725 3149 1848 3206 iussimus.

230 3234 304 3289 mitto
319 3251 367 3290 suo
380 3236 414 3290 ad
426 3250 505 3305 quem
521 3237 658 3306 pertinent
672 3236 795 3291 hrttniatu
806 3252 868 3291 cum
890 3253 943 3292 uno
956 3251 1019 3292 acu·
1482 3257 1522 3333 ᾗ

227 3323 297 3378 tario
311 3324 421 3380 ducant.
435 3326 468 3379 Ει
478 3325 529 3380 lroc
541 3325 568 3379 in
581 3325 694 3380 arbitrio
711 3325 880 3379 dominorum
893 3326 1018 3395 pendeat,
1105 3371 1132 3427 S.
1237 3371 1260 3427 K
1310 3371 1327 3427 Ι.
1583 3363 1605 3433 s
1650 3373 1660 3426 Ι
1694 3373 1702 3386 .
1825 3370 1842 3402 ,,

227 3414 448 3484 quosducant,a
468 3417 566 3485 quibus
589 3416 721 3485 stipendia
741 3416 894 3497 accipiant,
920 3415 1018 3484 ortibus
1125 3387 1217 3441 mmm
1261 3388 1328 3428 ποι
1355 3332 1587 3582 w
1632 3387 1811 3445 mmmm

226 3504 309 3559 etiarn
325 3505 479 3575 ltalspergas
494 3506 653 3561 mtmedant.
676 3505 743 3575 ipsis
755 3506 836 3560 ctiam
859 3506 892 3560 ad
915 3506 1019 3562 itineris

226 3595 489 3664 praeparationemii
506 3595 516 3625 ¹
534 3596 619 3649 librae
639 3611 704 3651 suae
717 3606 841 3651 monetae
867 3597 893 3650 iu
917 3597 1020 3667 stipen·
1069 3596 1151 3667 regis.
1165 3595 1316 3650 llornustus
1330 3609 1451 3653 notanus
1466 3601 1600 3654 advicrm
1611 3592 1834 3653 manumet
1900 3627 1905 3643 ι

228 3684 303 3738 diurn
328 3685 492 3749 tribuantur,
517 3684 606 3740 etdue
627 3686 698 3753 equi,
725 3702 794 3741 uuus
822 3702 935 3742 currens
951 3687 1020 3741 alter
1069 3690 1128 3744 larii
1145 3690 1298 3760 recognovi.
1311 3690 1377 3745 liuta
1388 3691 1414 3746 8.
1436 3688 1498 3745 idus
1520 3691 1586 3745 lunii
1599 3705 1673 3746 anre
1696 3691 1730 3744 ali
1743 3689 1831 3743 inurar·

226 3772 380 3837 ambulans,
408 3774 551 3840 adulantur,
577 3789 610 3829 ac
634 3775 738 3830 dtroluts
761 3775 842 3832 sociis
868 3777 1020 3832 soumarias
1069 3779 1143 3834 tione
1165 3779 1270 3835 Doruini
1284 3780 1369 3834 nostri
1386 3775 1443 3835 lusu
1456 3779 1557 3835 Christi
1585 3779 1649 3845 tau,
1676 3779 1749 3850 repud
1768 3786 1828 3832 auteu
1896 3776 1900 3821 l

230 3867 366 3922 victilibus
376 3869 445 3922 hene
456 3876 585 3923 oneratus
597 3869 789 3935 comatittatur,
800 3870 845 3939 qui
861 3870 895 3926 ad
908 3871 973 3941 ipsis
987 3870 1020 3925 ad
1070 3871 1222 3937 cius¹¹2i,
1242 3879 1305 3926 ante
1323 3871 1554 3927 consecrationem
1570 3869 1603 3925 ¹¹.
1623 3870 1722 3928 Actum
1736 3868 1827 3927 Warttt·
1892 3840 1899 3989 Ι

228 3974 297 4028 opus
310 3961 482 4016 dominorum
495 3961 638 4033 diligenter
649 3963 829 4018 custodiatur.
847 3963 899 4034 lpsi
914 3979 1020 4035 quoquc
1070 3964 1125 4019 tiac
1135 3962 1259 4019 feliciter.
1270 3962 1366 4018 Amen.

1901 3468 1909 3609 i

1895 3646 1903 3763 l

839 4112 1031 4170 tautanius
1049 4113 1249 4171 LECTIONES.

266 4224 274 4254 ¹
304 4239 335 4278 er
349 4232 435 4279 totum
449 4225 540 4281 taliter
551 4224 577 4280 Ξ.
597 4224 630 4279 Α.
669 4225 915 4282 'ltontinumad
954 4225 1105 4282 ¹scutariis
1125 4242 1206 4298 uanae
1228 4224 1354 4281 scutariis
1367 4225 1460 4280 derunt
1471 4224 1499 4279 Ξ.
1516 4226 1547 4279 Α.
1586 4223 1823 4296 ¹stupendiolatu·

229 4238 593 4364 perrdiocorratipendioi.
631 4295 814 4350 ‘iulloall
853 4297 995 4365 ‘ipsiusffi
1032 4296 1513 4396 'amittantuapueamittautdetunt
1524 4297 1558 4349 Α.
1594 4288 1822 4372 ‘auribisaliuuil

232 4364 571 4419 ·v.t.a.scxs.t.tt.
610 4366 845 4434 ιοιιιοιιιιιιιΗι.
885 4366 904 4397 ¹¹
927 4366 1046 4436 regarid.
1061 4366 1091 4421 S.
1108 4365 1133 4419 1.
1151 4366 1194 4419 11.
1245 4363 1559 4444 ¹s.ctu.2d..S.ll.
1598 4365 1740 4465 stuprati.
1770 4366 1823 4415 “ue

230 4443 335 4500 petrarc
354 4434 382 4487 i.
433 4434 455 4465 ¹¹
466 4451 538 4488 uoces
552 4444 590 4488 tot
603 4435 687 4490 lilnas
698 4451 762 4489 suae
775 4436 803 4490 in
814 4436 872 4489 cod.
884 4435 911 4489 ἲ.
926 4437 1064 4501 abacistae,
1080 4438 1107 4490 in
1122 4435 1278 4489 editionibus
1288 4434 1348 4489 inde
1361 4434 1482 4488 derivatas
1497 4434 1601 4488 desunt.
1662 4435 1750 4490 ‘deest
1762 4432 1788 4487 Ι.
1802 4427 1823 4481 Β·

231 4503 250 4531 ¹¹
267 4503 422 4557 liunaiarius
433 4502 461 4556 Ξ.
511 4504 532 4534 ¹¹
546 4504 641 4559 larium
655 4507 687 4558 d.
704 4504 734 4559 S.
751 4503 775 4557 l.
791 4504 833 4557 tt.
882 4503 1358 4573 ¹¹drutitatomacn'lendumfuerat!
1389 4503 1412 4534 ¹¹
1423 4503 1592 4572 presentibus
1605 4501 1644 4556 ii.
1655 4503 1686 4557 B.
1731 4507 1752 4536 ¹¹
1764 4497 1824 4571 sipla

231 4568 269 4623 lt.
280 4571 312 4624 ll.
365 4573 388 4601 ¹¹
402 4589 598 4642 arorioprumma
617 4576 666 4628 lior
681 4592 696 4626 a
711 4574 823 4643 praecino
840 4573 932 4628 Koroli
943 4576 1007 4630 antis
1023 4576 1133 4637 dictans,
1147 4573 1229 4627 codex
1241 4573 1269 4626 2
1284 4583 1340 4643 port
1354 4573 1487 4638 notarius,
1501 4582 1524 4626 ct
1547 4572 1675 4627 editiones
1688 4576 1720 4628 Α.
1734 4569 1823 4645 poagia

231 4654 384 4703 riostsstmt,
401 4640 432 4696 S.
444 4641 470 4695 i.
487 4652 544 4712 port
559 4653 622 4697 nota
634 4643 760 4706 scabunt,
778 4641 880 4697 Clutca.
892 4654 916 4697 et
928 4643 958 4698 S.
974 4643 1016 4699 ll.
1032 4645 1162 4698 omittant.
1211 4643 1234 4674 ¹¹
1247 4643 1333 4697 nostri
1348 4641 1380 4698 S.
1393 4641 1419 4696 Ι.
1432 4640 1475 4696 Η.
1520 4642 1544 4672 ¹¹
1555 4657 1628 4696 anuo
1647 4643 1824 4701 momentus

232 4708 311 4763 lttttt.
325 4709 355 4765 S.
369 4709 394 4765 Ι.
406 4725 477 4766 auno
500 4714 712 4768 consecrationis
725 4712 795 4765 xxt.
810 4712 886 4767 lectio
897 4713 993 4768 codicia
1005 4713 1233 4783 Scalcnlierpiuni.

230 4817 1820 4849 —-——-————-—-——-———.-.-—,.d

332 4926 480 4991 conoul
498 4928 626 4991 MAGNl
643 4929 693 4990 ET
709 4927 898 4992 Luoovtct
915 4929 928 4991 Ι
945 4929 1196 4991 Caetronius
1218 4931 1321 4993 APUD
1342 4929 1571 4993 tfluouonts
1589 4931 1755 4995 VlLLAil.

266 5127 301 5185 Ca
321 5125 386 5182 itnla
397 5126 455 5182 haec
467 5124 557 5196 spuria
566 5124 683 5196 primum
696 5127 747 5181 sub
760 5126 867 5182 nominc
884 5124 973 5183 Caroli
994 5126 1082 5196 Magni
1094 5127 1120 5181 in
1142 5124 1351 5182 Collectimibus
1371 5124 1546 5180 conciliorum
1561 5123 1681 5190 crabbi,
1703 5121 1824 5198 saulonien}¹

230 5215 275 5254 an.
288 5143 367 5263 idat,
379 5198 411 5252 t.
424 5196 466 5262 ill,
477 5211 505 5266 p.
517 5195 579 5260 269,
594 5204 622 5250 ot
633 5196 693 5251 aliis
704 5196 785 5260 editu,
799 5197 894 5252 deinde
914 5212 929 5250 a
951 5196 1079 5252 Goldasto
1093 5198 1120 5250 in
1134 5195 1387 5258 constitutionibus,
1401 5202 1428 5251 et
1440 5210 1456 5248 a
1477 5194 1622 5251 Sirtuondo
1644 5196 1715 5250 inter
1735 5185 1824 5267 uetula

230 5269 343 5331 Galliae,
370 5276 391 5320 t.
410 5266 443 5332 ll,
464 5282 498 5321 ea
517 5266 671 5322 Burclranlo
687 5275 714 5321 et
735 5265 814 5321 ivone
827 5282 916 5322 assum
939 5277 964 5320 ta
977 5267 1106 5336 annisrpte
1118 5266 1207 5322 tanet
1227 5264 1276 5319 821
1291 5265 1441 5333 assignata,
1458 5272 1515 5318 tum
1536 5265 1674 5320 allaluzio
1686 5281 1744 5320 cum
1754 5257 1826 5328 cudat

232 5339 363 5394 tatiano
374 5336 469 5392 collata
480 5350 605 5405 annoque
616 5336 669 5391 8⁶22
679 5337 803 5406 ascripta,
817 5337 904 5392 tricor
916 5282 1013 5391 dotare
1026 5336 1150 5393 Gothano
1163 5334 1253 5390 sactdi
1267 5350 1293 5388 ιι
1315 5334 1412 5388 iterum
1428 5333 1651 5403 precatricem
1666 5336 1674 5389 i
1693 5337 1745 5390 itur
1760 5318 1826 5397 sarmit

232 5423 330 5463 nomen
344 5408 372 5461 in
385 5406 528 5462 (lodicibus
539 5405 693 5475 praeierant,
705 5407 737 5460 ad
750 5405 807 5473 ejus
817 5413 906 5460 tamen
924 5421 1035 5475 regnum
1050 5405 1122 5462 nullo
1137 5405 1216 5460 modo
1228 5404 1322 5458 referri
1341 5412 1461 5472 possunt,
1480 5405 1550 5473 quoti
1571 5352 1719 5461 ttatstutdus
1737 5411 1761 5459 et
1774 5397 1825 5453 {letti

233 5494 303 5533 atrato
315 5479 377 5543 8t5,
392 5475 559 5530 lladaltaldus
570 5485 597 5529 et
608 5477 664 5531 Elio
682 5476 788 5530 nonnisi
807 5477 885 5530 anais
898 5477 949 5531 tto
961 5485 987 5529 et
1002 5476 1054 5531 822
1073 5476 1330 5544 archiepiscopatum
1342 5473 1428 5542 adepti
1443 5484 1515 5528 sunt.
1536 5473 1591 5530 Nec
1611 5477 1715 5530 meliori
1727 5469 1824 5529 saecul

233 5546 368 5603 liudovico
387 5546 541 5610 imperatori
563 5547 696 5616 assignata
709 5556 780 5609 sunt,
794 5563 856 5600 error
871 5548 961 5601 Eltoue
978 5554 1039 5615 post
1057 5547 1127 5601 client
1141 5544 1239 5599 Sirmii
1258 5559 1303 5598 an.
1329 5543 1382 5597 822
1403 5545 1430 5598 in
1450 5545 1681 5613 archiepiscopum
1699 5535 1825 5601 electo.⁰¹

235 5615 366 5672 llaistullo
383 5617 530 5672 secuudum
541 5618 650 5672 annales
663 5616 811 5672 xantenses
824 5632 893 5672 unito
904 5615 955 5673 825
969 5617 1008 5672 ucl
1023 5616 1167 5674 secundnm
1179 5614 1246 5671 ulios
1258 5629 1328 5670 auno
1339 5614 1391 5671 820
1402 5613 1537 5682 defuneto,
1550 5626 1711 5672 consecutum
1722 5616 1782 5670 iuttt
1791 5607 1825 5659 [ιιι
