3826 6112
221 336 273 390 stis

648 326 678 379 B.
699 324 823 379 calloel
845 323 951 378 ultim
971 323 1049 377 ttl‘t’.
1073 324 1160 378 i'diib'
1181 324 1199 378 i.
1221 321 1343 376 saletto
1363 321 1383 374 Ι.

1795 321 1847 379 896

219 446 347 499 mttniernt
362 445 417 496 siae
435 441 525 496 litteris
540 441 650 509 episcopi
661 441 711 493 sai.
723 436 766 491 Ex
777 437 886 491 conscilio
908 435 1002 489 Carta·
1020 436 1210 504 Aapnstnins:
1227 433 1310 489 Nemo
1336 431 1518 488 ntiiiiansiieo
1539 432 1656 500 implicat
1682 448 1712 487 se
1740 436 1848 504 neqoliis

220 518 297 584 pinis.
316 514 424 567 Cassius
440 513 447 542 ²
461 510 616 564 velenensis
635 506 878 576 episcopusdixit:
899 507 1006 559 statuat

220 585 445 652 gravitasvestra.
463 590 490 633 ut
511 580 693 647 nurusquisque
720 576 834 631 clericus
860 577 902 629 vei
923 576 1007 630 laicus

221 670 274 707 raon
289 651 469 707 earrnaunicet
488 650 514 702 in
529 649 581 702 alia
608 648 685 719 plebe
698 647 758 703 sine
782 647 878 702 litteris
888 645 1006 715 episcopi

219 739 271 777 sm.

256 790 299 845 58.
322 789 388 844 item
401 789 427 842 in
444 789 552 856 capitato
576 788 586 816 ⁸
608 788 696 842 domni
718 785 809 839 tiarati
833 786 1005 853 imperatoris.

219 860 248 913 Si
263 862 322 928 quis
340 860 515 913 saecularium
532 867 585 910 tam
599 858 707 912 maioris
718 855 821 910 ordinis
835 870 914 924 quam
926 863 953 908 ct
968 856 1007 909 in·

220 930 324 984 lerimis
335 939 475 999 peecatum
487 928 572 994 egerit
593 937 620 981 et
632 933 742 981 vocatus
765 927 806 978 sni
819 925 939 992 episcopi
959 940 1008 977 au-

220 1002 346 1053 ctoritate
369 999 402 1051 ad
427 997 642 1051 emendationem
665 1012 697 1050 ac
713 995 895 1064 peanitentiam
918 995 1008 1049 tenire

220 1068 364 1134 distulerit,
376 1067 476 1120 tarrtdin
490 1067 523 1121 sit
539 1066 572 1119 ab
583 1067 696 1120 ecelesia
711 1065 827 1119 extorris
838 1074 864 1118 et
889 1078 903 1116 ι
915 1069 1009 1118 cattio·

221 1137 333 1191 licnrmn
347 1137 484 1192 consortio
501 1145 695 1204 sequestratus,
710 1148 850 1203 quousque
864 1132 936 1201 quod
948 1133 1009 1187 iuli·

221 1209 275 1260 cite
287 1208 422 1261 commisit
436 1208 569 1262 caremtet.
584 1222 616 1258 ac
637 1216 741 1260 reatum
764 1217 841 1257 snum
868 1218 953 1270 usqne
976 1203 1008 1256 ad

222 1277 432 1332 satisfactionem
443 1276 574 1330 canonice
589 1275 682 1336 diluat,
699 1283 780 1342 atque
792 1273 1010 1327 reconciliatione

222 1347 324 1414 proprii
339 1346 457 1417 epi-copi
471 1346 566 1399 divinis
586 1347 709 1413 precibus
729 1342 922 1409 imtntpmiam
945 1359 995 1396 con

222 1427 351 1484 sequatur
361 1425 389 1469 et
400 1416 517 1480 veniam,
540 1415 721 1482 ecclesiaeque
739 1413 865 1483 gremio,
892 1429 907 1464 a
935 1413 1011 1468 cuins

223 1493 301 1538 utero
314 1485 476 1550 deviaverat,
493 1495 600 1554 peraeta
612 1484 795 1539 satisfactione
810 1481 844 1534 ab
855 1482 948 1535 endem
965 1496 1012 1550 per

222 1554 458 1677 ἓιιιιῖιειίοιιιιιι3
477 1555 636 1610 emendatus
655 1553 783 1623 episcopo
806 1553 934 1606 canorrice
950 1555 1010 1606 red-

243 1633 311 1679 stitit.

260 1692 305 1746 59.
328 1694 365 1747 ilc
389 1694 484 1747 bonore
495 1703 520 1747 et
533 1700 710 1763 paeesaartae
727 1691 856 1745 ecciesiae.
871 1690 904 1744 tn
927 1691 1014 1744 bonor

225 1770 253 1815 et
266 1777 315 1828 pas
331 1777 412 1831 aque
428 1764 527 1817 iustiia
546 1773 655 1817 sanctae
668 1761 855 1815 lleiecelesiae
871 1771 898 1814 ct
925 1775 1011 1815 serso

224 1846 284 1886 rum
300 1834 358 1886 eius
373 1832 489 1886 inlaesus
502 1833 535 1887 ab
553 1833 675 1887 otrrnibus
687 1839 869 1885 conservetur.

1058 506 1241 561 saecularibus.

1093 574 1137 627 i'i.
1161 575 1199 629 De
1213 576 1355 631 imitatione
1377 573 1527 641 apostolica.
1546 572 1694 638 Apostolus
1709 572 1768 625 ait:
1784 570 1848 627 irni-

1059 654 1152 700 tatorcs
1167 648 1217 698 mei
1236 656 1314 699 estate
1325 655 1350 699 et
1364 649 1493 697 obseruate
1503 659 1557 703 eos,
1570 643 1613 712 pt
1632 644 1669 695 tra
1694 641 1849 709 ambutant,

1057 715 1123 768 sicat
1136 715 1233 769 indetis
1250 718 1359 786 [oratam
1370 722 1485 767 nostram
1498 731 1504 769 :
1518 729 1569 767 teon
1579 712 1746 766 observantes
1762 713 1783 742 ¹⁸
1798 728 1849 782 ros,

1060 785 1102 855 qai
1114 795 1172 837 sant
1187 785 1284 839 inimici
1306 785 1388 837 tracis
1401 780 1505 842 Christi,
1519 799 1626 853 quorum
1640 781 1705 850 finis
1719 782 1849 843 interitus,

1059 854 1260 925 qaarauttieaso·
1269 864 1379 917 nterest,
1387 862 1411 905 et
1420 853 1504 922 pieria
1514 856 1538 904 in
1560 852 1716 919 consessione
1728 855 1849 918 ipsoram,

1059 925 1102 993 psi
1117 933 1218 977 terrena
1229 927 1344 988 serpinat.
1354 921 1452 976 Nostra
1464 931 1549 974 aretem
1561 921 1723 976 rortnersatio
1739 921 1765 974 in
1777 926 1849 976 coelis

1059 1003 1106 1047 est.
1120 993 1196 1048 Sicut
1215 995 1393 1064 ilieroaymus
1421 993 1447 1044 in
1468 992 1580 1061 epistola
1602 989 1636 1043 ad
1655 990 1772 1045 Galatas
1797 994 1849 1044 nit:

1063 1079 1073 1114 ι
1092 1061 1265 1117 ΑιιιιιιΙιιιιιιι
1279 1075 1369 1117 atatem
1382 1063 1404 1093 ¹⁵
1417 1063 1495 1123 bene,
1511 1062 1567 1130 qm.
1579 1077 1642 1116 cnm
1654 1060 1678 1090 ¹⁶
1691 1061 1804 1115 videant
1813 1061 1852 1116 sei

1061 1132 1169 1186 audiant
1177 1149 1236 1187 esse
1246 1134 1271 1187 in
1281 1132 1527 1202 aliquibusgratias,
1539 1131 1799 1198 donavirtutesque.
1806 1132 1852 1200 ipsi

1062 1202 1128 1257 iales
1136 1217 1195 1257 esse
1203 1203 1367 1267 desiderant,
1374 1211 1401 1257 ct
1412 1202 1499 1264 iidem,
1509 1201 1589 1254 vitam
1601 1208 1685 1269 atque
1696 1201 1852 1255 industriam

1061 1286 1165 1334 eorum.
1181 1288 1228 1343 per
1241 1287 1311 1342 quae
1325 1273 1370 1326 ilia
1387 1277 1560 1334 meruerunt.
1589 1269 1718 1324 nitantur
1743 1271 1851 1336 imitari,

1062 1349 1092 1395 ut
1107 1343 1209 1410 possint
1220 1359 1250 1396 ea
1262 1358 1369 1411 quoque
1384 1343 1454 1397 bona
1469 1339 1649 1394 aemulatione
1661 1339 1746 1408 digna
1759 1357 1852 1395 conse·

1062 1412 1118 1480 qui,
1133 1431 1142 1463 r
1161 1414 1412 1482 uragisqnaerentes
1425 1410 1554 1477 spiritalia
1572 1424 1653 1480 quam
1672 1410 1794 1465 carnalia
1806 1455 1813 1470 .
1827 1419 1853 1465 ut

1063 1483 1245 1551 per5everavrti
1260 1481 1391 1550 graduad
1415 1481 1494 1536 linem
1520 1479 1686 1550 laonioperis
1712 1482 1850 1552 pervenire

1064 1551 1177 1621 possint.
1193 1551 1357 1619 Augustinus
1367 1553 1392 1605 in
1403 1551 1471 1603 libro
1491 1551 1511 1581 ¹³
1523 1551 1557 1604 de
1578 1564 1667 1618 agisne
1691 1551 1852 1605 christiano·

1064 1636 1135 1683 ιιιιιι,
1151 1622 1220 1677 Ιιιιιι
1236 1622 1399 1675 sentenciam
1423 1621 1602 1687 interpretans
1624 1621 1684 1673 ait:
1708 1620 1855 1674 imitators

1064 1692 1113 1744 arei
1133 1699 1223 1755 estate,
1232 1693 1297 1746 sicat
1307 1702 1331 1745 et
1345 1707 1393 1761 eqo
1404 1690 1509 1744 Christi.
1522 1690 1614 1755 Quare
1630 1687 1854 1760 intellegendam,

1065 1760 1146 1814 etiam
1161 1762 1245 1828 ipsum
1274 1761 1424 1830 apostolum
1451 1761 1477 1813 in
1500 1759 1594 1814 semoti
1615 1774 1646 1811 sn
1675 1760 1856 1829 triumphasse

1031 1811 1098 1884 Bdc
1108 1830 1284 1898 potestatibus
1298 1831 1377 1884 ltnins
1390 1828 1502 1895 nvnttdi,
1523 1831 1589 1884 sicut
1604 1828 1638 1881 de
1656 1829 1774 1884 ilomiuo
1786 1829 1856 1884 dise·

260 1901 304 1955 ttt.
328 1902 366 1955 ile
377 1901 425 1956 liei
439 1901 612 1955 sacerdoribus
626 1914 650 1955 er
665 1900 790 1954 ministris
806 1899 907 1953 attans.
921 1897 1014 1953 Uellei
1064 1910 1117 1965 rat,
1131 1900 1207 1955 cuius
1227 1915 1257 1956 se
1277 1899 1438 1954 imitatorem
1458 1914 1517 1954 esse
1541 1899 1697 1968 prolitetur.
1722 1898 1856 1955 imitemur

225 1972 413 2026 sacer-dotibus
434 1973 601 2025 ernnatstris
626 1970 719 2025 altaris
743 1978 837 2024 cnntra
859 1969 1014 2023 caaonicam
1064 1981 1129 2038 erqo
1149 1980 1177 2023 ct
1192 1985 1242 2025 nos
1262 1969 1353 2035 illum,
1378 1970 1448 2024 sicut
1472 1969 1616 2030 bortatur,
1638 1979 1668 2024 et
1696 1970 1856 2040 castigemus

227 2042 415 2095 auctoritatem
428 2041 498 2094 nulla
511 2041 594 2097 laesio
608 2055 622 2093 a
635 2054 770 2108 quoquam
782 2038 837 2092 iat.
1066 2053 1166 2108 eorpus
1181 2048 1301 2094 anstrum
1324 2047 1351 2094 et
1362 2040 1387 2093 in
1402 2040 1557 2093 servitutem
1566 2038 1624 2092 redi
1645 2054 1738 2105 arnus,
1749 2040 1773 2094 si
1783 2055 1854 2092 mus·

262 2110 306 2163 ll.
329 2110 366 2164 lle
378 2112 515 2165 concordia
528 2115 704 2181 episcoporum
714 2117 738 2162 et
762 2109 892 2163 consitam.
909 2108 943 2164 Ut
957 2108 1015 2175 epi·
1065 2109 1128 2164 dnm
1145 2108 1267 2163 vnlmnus
1282 2111 1397 2163 vincere.
1416 2108 1456 2162 dli
1468 2108 1564 2175 ,stando
1579 2052 1694 2178 qratiem
1705 2125 1758 2165 suo
1769 2124 1857 2164 esem·

227 2181 303 2249 scopi
314 2190 342 2234 et
357 2183 470 2235 comites
484 2181 633 2235 concordes
643 2181 716 2242 sint;
732 2187 760 2233 et
780 2181 894 2233 comites
909 2193 1015 2233 eomm-
1087 2179 1112 2233 io
1125 2176 1225 2234 Christi
1246 2194 1295 2234 nos
1319 2178 1341 2209 ¹⁸
1366 2179 1421 2232 lieri
1447 2179 1597 2233 ivnitatores
1621 2179 1701 2231 iubet
1723 2177 1856 2234 dicendo:

227 2265 281 2318 quc
294 2250 408 2304 ministri
421 2251 555 2320 episcopis
568 2258 647 2317 atque
658 2264 752 2304 eornm
768 2247 896 2303 mirristris
911 2248 937 2303 in
957 2265 1017 2302 om·
1067 2195 1216 2303 imitatores
1230 2249 1280 2302 mei
1293 2257 1382 2314 estote,
1397 2249 1462 2302 sicat
1485 2257 1509 2301 et
1526 2264 1573 2318 epo
1584 2246 1697 2302 Christi.
1718 2249 1858 2317 tliqasndo

231 2319 310 2374 tribus
324 2318 460 2374 adiutores
476 2322 602 2373 existant.
1067 2318 1175 2388 quidem
1188 2318 1263 2373 dese
1285 2320 1445 2382 resipiscens
1462 2320 1495 2373 ad
1523 2320 1620 2378 lleurn,
1651 2317 1687 2371 ad
1704 2319 1789 2386 ipsius
1815 2331 1859 2370 uss

262 2386 306 2442 ii.
328 2388 389 2442 “ile
402 2391 552 2444 incendisse
563 2390 666 2455 rapina.
680 2389 714 2444 tn
724 2386 876 2443 incendium
889 2387 932 2442 vei
948 2387 1016 2457 rapi·
1068 2388 1246 2443 imitationem
1261 2388 1383 2442 bortatur
1406 2389 1512 2443 diceus:
1529 2387 1617 2441 Estote
1638 2387 1791 2442 imitatores
1806 2386 1857 2447 liri,

227 2473 290 2513 narn
303 2458 330 2511 in
347 2468 407 2513 nost
422 2475 470 2511 on
480 2473 533 2526 gno
543 2460 632 2513 rrrrllus
644 2458 733 2513 iaciat.
746 2456 777 2510 Et
790 2456 863 2512 iures
874 2458 913 2512 vel
928 2466 1018 2526 rapto·
1068 2460 1133 2514 sicat
1147 2458 1197 2528 ptis·
1217 2457 1352 2513 carissimi.
1368 2457 1421 2512 ianr
1435 2473 1498 2512 vern
1512 2457 1718 2526 demonstrans,
1729 2456 1859 2525 quianibil

228 2543 273 2582 res
296 2526 401 2581 sortiter
414 2529 651 2594 constrincantar,
675 2539 703 2582 ut
715 2526 819 2581 nullis⁸
840 2542 890 2582 sua
912 2526 1019 2583 auictre
1069 2529 1139 2584 banc
1151 2528 1328 2583 imitationem
1345 2529 1381 2582 ita
1408 2530 1504 2598 pariat,
1520 2543 1601 2597 qnam
1616 2528 1639 2581 si
1657 2528 1695 2580 ita
1717 2528 1790 2581 vivat
1816 2526 1860 2581 sli·

230 2596 357 2662 audeant,
373 2597 422 2651 nisi
436 2599 519 2666 gratis
534 2599 683 2652 tribuantur
700 2606 747 2651 aut
773 2596 846 2652 iusto
859 2611 942 2652 censu
962 2597 1018 2652 esi·
1068 2599 1139 2668 quis,
1152 2606 1181 2652 ut
1194 2597 1293 2651 bouum
1304 2597 1361 2653 eius
1370 2598 1396 2652 in
1408 2612 1551 2653 corvtmune
1564 2597 1696 2667 proileiat
1710 2606 1794 2666 atque
1807 2596 1866 2650 ιιιιῐκ

228 2677 336 2735 gantur.
1069 2667 1154 2724 versis
1175 2667 1283 2720 utiliora
1306 2668 1482 2731 praevideat,
1513 2666 1658 2721 adiunxit:
1677 2668 1815 2721 darrtsiate
1835 2667 1860 2719 ia

268 2733 313 2788 45.
336 2735 373 2790 ile
386 2737 638 2807 pececastodienda.
652 2735 685 2791 ttt
697 2750 748 2806 pax
770 2735 797 2790 in
816 2745 910 2792 nostro
937 2749 1019 2805 regno
1069 2739 1185 2793 caritate.
1211 2734 1273 2791 iden
1300 2752 1362 2791 cnm
1381 2737 1509 2804 dixisset,
1532 2735 1686 2793 imitatores
1699 2754 1727 2791 m
1741 2738 1751 2791 i
1765 2747 1859 2798 estote,

229 2805 375 2860 secandum
402 2823 503 2861 virorem
537 2816 678 2877 parentum
712 2814 865 2862 nostrorum
895 2807 1020 2861 omnibus
1071 2808 1198 2862 continno
1211 2806 1246 2861 de
1259 2807 1371 2861 caritate
1389 2807 1524 2868 disseruit,
1540 2808 1603 2877 quia
1633 2809 1860 2876 baecpraecpue

230 2883 415 2930 conservetur.
1070 2877 1154 2932 virtus
1166 2877 1287 2930 homines
1299 2876 1352 2930 bea
1364 2878 1501 2947 prosimos
1511 2877 1589 2931 iacit.

265 2942 308 2997 ii.
331 2945 369 2998 ile
382 2946 469 3015 puelia
483 2947 580 3014 nirsriae
592 2946 629 3000 eei
646 2947 731 3002 mina.
751 2944 785 2998 Ut
799 2945 915 3014 puellam
938 2945 1019 3013 virgi·
1105 2947 1148 3000 ttt.
1167 2947 1205 3001 ile
1229 2947 1360 3000 rarroaicss
1384 2947 1494 3012 clericis,
1510 2956 1539 3000 at
1562 2948 1692 3003 canonice
1713 2948 1809 3002 sinant.
1832 2943 1859 2999 ln

229 3030 291 3068 uera
304 3014 346 3067 vel
363 3020 468 3069 aalma
488 3018 577 3072 nullus
592 3019 687 3086 rapiat,
699 3031 750 3071 nee
763 3013 854 3071 lacere
867 3015 1019 3071 volentibus
1071 3017 1196 3073 omnibus
1221 3016 1301 3085 igitur
1312 3025 1441 3082 qnantum
1462 3017 1579 3071 bunmnn
1605 3017 1742 3088 permittit
1764 3015 1859 3084 tragili-

230 3084 393 3138 caenum.
1071 3095 1112 3141 tas
1127 3086 1294 3140 decrevimus
1307 3094 1337 3138 et
1349 3087 1472 3141 ‹annntct
1487 3086 1579 3141 clerici
1594 3088 1732 3143 canonice
1757 3088 1856 3146 risam,

265 3151 310 3207 t5.
334 3152 372 3208 De
384 3157 468 3209 banrro
483 3155 659 3221 persoluenda.
676 3153 935 3222 urentissimus
951 3153 1018 3208 ban·
1033 3153 1056 3216 C
1071 3157 1246 3211 observantes
1264 3154 1370 3209 divinae
1383 3157 1532 3225 scripturae
1551 3155 1708 3211 doctrinam
1723 3165 1753 3211 et
1777 3157 1856 3210 docu-

230 3237 281 3277 nus
296 3233 389 3278 noster
401 3225 579 3291 persolvatur,
593 3230 615 3279 si
631 3238 791 3294 aquoquam
813 3224 938 3278 frustrata
952 3224 1019 3278 baec
1070 3232 1160 3280 menta
1179 3232 1334 3279 sanctorum
1360 3232 1478 3293 patrum,
1507 3233 1537 3279 ut
1555 3224 1577 3256 ¹⁸
1603 3226 1642 3280 nil
1669 3227 1731 3283 sinc
1756 3224 1857 3280 licentis

231 3291 332 3346 inerint
356 3294 382 3357 ’ς
399 3303 427 3348 et
453 3295 625 3350 ildeiussores
647 3294 775 3364 usquead
799 3302 916 3347 nostram
942 3303 1019 3364 prae·
1070 3296 1189 3364 episcopi
1214 3293 1255 3348 sui
1270 3293 1312 3348 vei
1333 3294 1455 3364 magistri
1479 3309 1574 3350 eurum
1601 3296 1758 3365 composite
1784 3309 1857 3363 agac

231 3361 346 3416 sentiam
360 3365 501 3418 lidissimos
511 3365 655 3419 enantibus
664 3365 705 3417 vel
718 3364 804 3418 aristis
817 3363 1018 3419 nostrisbornm
1069 3375 1251 3435 presumant.

231 3441 403 3502 corrrtptmas
427 3436 522 3502 singuli
548 3436 677 3500 inbuant,
702 3436 755 3488 uti
771 3433 845 3488 instat
870 3431 1018 3487 Romanam
1105 3432 1148 3487 ib.
1169 3432 1325 3506 velasqui
1344 3449 1430 3488 ternos
1443 3450 1502 3489 snos
1524 3442 1601 3488 entra
1621 3435 1738 3489 indicem
1759 3441 1855 3488 nesam.

232 3499 317 3566 logem
335 3503 366 3555 Ιιι
385 3507 585 3567 ccorrtaamm
599 3506 620 3556 ⁸.
1070 3503 1097 3558 Si
1120 3504 1179 3570 quis
1193 3516 1300 3556 servum
1324 3504 1461 3572 proprium
1486 3503 1545 3558 sine
1570 3505 1742 3559 conscientia
1770 3503 1856 3557 iudeis

269 3569 312 3622 lii.
336 3570 374 3624 De
401 3583 503 3643 arpotro
519 3575 656 3627 saeculari.
681 3572 794 3627 llinistri
820 3578 910 3626 autem
928 3568 1020 3625 altaris
1071 3573 1212 3636 occiderit,
1228 3574 1508 3627 escormnunlcatiooe
1529 3571 1572 3629 vei
1588 3575 1741 3642 penitentia
1763 3570 1855 3628 biennii

233 3640 339 3694 ilntrnni
356 3642 396 3695 vel
411 3643 532 3697 rrrrrnaclrl
549 3642 626 3696 uobis
642 3643 741 3712 placuit
753 3649 783 3696 ut
805 3640 1018 3709 artegotiissac-
1070 3650 1175 3698 reatum
1185 3641 1496 3709 saligninisemnmiairit.

233 3709 369 3764 cularibus
382 3711 492 3765 omnino
506 3713 667 3765 abstineant.
684 3713 765 3766 blulta
785 3719 848 3765 sunt
861 3724 925 3778 erqo
938 3724 1020 3776 nepo·
1105 3710 1150 3766 50.
1167 3712 1264 3772 Deliis,
1280 3711 1323 3782 qrri
1337 3711 1371 3764 ad
1384 3727 1473 3778 pacem
1486 3728 1538 3766 nort
1553 3721 1732 3767 revertantur.
1748 3709 1854 3775 Placuit,

233 3778 269 3830 tia
291 3781 437 3834 saecrtlaria
450 3781 475 3845 ';
491 3781 524 3835 d·
539 3782 580 3836 iris
597 3791 684 3838 tamen
703 3797 787 3850 panca
802 3780 1018 3850 perstrinximus.
1071 3781 1188 3849 ut,sicut
1202 3785 1359 3850 p'erumqne
1381 3781 1419 3843 iit.
1434 3780 1599 3850 quicumque
1611 3782 1679 3837 odis
1694 3791 1743 3837 s·=t
1755 3781 1853 3850 tonsta-

233 3848 273 3901 Ad
287 3847 306 3877 ¹⁰
318 3864 387 3917 quae
409 3852 525 3920 pertinet
541 3853 560 3882 ¹¹
575 3854 663 3907 omnis
678 3853 780 3915 libnlo,
806 3865 858 3904 noo
884 3854 970 3904 solum
992 3849 1019 3902 in
1071 3867 1124 3975 qua
1150 3851 1220 3905 inter
1233 3864 1263 3904 se
1278 3851 1324 3905 lite
1337 3850 1511 3905 discesserint
1524 3859 1553 3905 et
1566 3851 1600 3906 ati
1614 3867 1713 3920 paoem
1742 3848 1854 3906 mouri

234 3917 393 3972 innvnnditia
411 3922 510 3987 earnis,
524 3921 571 3975 sed
591 3922 671 3975 etiam
687 3922 801 3976 inomni
826 3919 927 3974 carnali
953 3933 1020 3973 con·
1091 3922 1197 3975 iuturus
1226 3919 1374 3975 intentione
1402 3920 1583 3988 nequiverint,
1606 3939 1619 3972 a
1638 3922 1758 3982 civitatis
1772 3921 1853 3991 primi·

233 3988 406 4055 cupisceutia.
423 3989 552 4060 Quicquid
582 3991 640 4055 plus
661 3992 732 4045 iusto
754 3991 776 4020 ¹⁸
791 3988 893 4058 appetit
916 3988 1019 4052 bomo,
1071 3998 1115 4044 tus
1133 3989 1318 4044 sacerdotibus
1332 3999 1488 4056 arguantur.
1507 3989 1557 4057 oni
1572 3990 1595 4044 si
1606 3990 1767 4047 iuimicitias
1781 3991 1854 4059 depo·

213 4064 312 4126 ¹turpe
337 4059 438 4113 lucrum
452 4063 560 4116 dicitur.
586 4060 664 4116 llune
681 4077 695 4114 ι
710 4061 806 4115 iniusta
832 4059 954 4128 accipere
978 4057 1020 4111 vel
1072 4074 1135 4114 nere
1154 4058 1306 4126 perniciosa
1330 4060 1480 4113 intentione
1505 4059 1654 4125 noluerint,
1671 4061 1706 4116 de
1730 4060 1854 4116 ecclesiae

234 4128 313 4180 etiam
328 4128 405 4198 dare,
426 4145 475 4199 pro
498 4133 588 4198 aliquo
607 4131 738 4194 sacerrimi
762 4139 910 4198 coitquestu
934 4127 1021 4197 pretio
1072 4130 1308 4184 coelniuslissima
1331 4128 1611 4184 excentumunicatione
1628 4130 1781 4199 pellantur.

234 4196 350 4264 aliquem
376 4201 538 4267 conducere,
553 4203 741 4255 cmnentinnes
752 4208 780 4252 et
799 4198 861 4255 lites
883 4197 925 4251 vel
948 4197 1021 4250 risas
1107 4197 1201 4253 bibe
1215 4200 1264 4261 iris,
1281 4200 1325 4267 qni
1344 4199 1484 4252 intrantia
1498 4199 1635 4254 ecclesiam
1649 4211 1674 4254 et
1700 4210 1805 4269 propter
1817 4199 1852 4251 si·

234 4278 336 4330 amarc,
351 4268 376 4320 iu
391 4269 496 4337 placitis
518 4272 700 4325 saecularibus
722 4271 881 4338 disputas,
906 4272 1021 4335 excepta
1072 4271 1150 4323 nciam
1170 4268 1302 4322 iaaarinm
1318 4285 1393 4322 snam
1406 4276 1596 4323 crassamento
1609 4286 1639 4324 se
1665 4269 1807 4324 abstinent.
1829 4265 1853 4321 Si

234 4334 554 4393 delensinrreoriannrum
568 4339 1021 4403 arrisiluarunr,corrductoresaut
1072 4339 1131 4408 quis
1151 4340 1230 4394 intrat
1256 4337 1282 4392 in
1310 4339 1453 4393 ecclesiam
1470 4337 1516 4393 [tei
1543 4345 1573 4394 et
1596 4353 1693 4395 sacras
1716 4339 1854 4407 scripturas

235 4416 424 4470 poematnres
437 4424 496 4463 esse
509 4409 687 4463 saecularium
700 4424 808 4471 rerum,
837 4419 878 4461 tur
898 4407 920 4460 is
946 4404 1019 4460 verbi
1072 4424 1126 4463 non
1145 4407 1219 4463 arrtlit
1236 4414 1264 4461 et
1280 4423 1330 4476 pro
1344 4408 1447 4465 luxuria
1461 4422 1509 4461 sna
1525 4408 1624 4463 avertit
1651 4423 1713 4464 scs
1740 4422 1853 4465 comum

235 4472 276 4549 vel
293 4472 352 4533 iacti
368 4476 542 4531 ioculatorem
555 4493 623 4541 esse,
642 4479 682 4532 vel
698 4480 786 4532 iocum
799 4424 964 4531 saconiarem
977 4475 1018 4529 di·
1074 4479 1153 4531 nione
1167 4479 1327 4531 sacramenti
1343 4486 1370 4531 et
1383 4479 1409 4530 in
1422 4477 1598 4532 obserrandis
1620 4479 1761 4549 mysteriis
1780 4475 1852 4532 decli·

236 4539 328 4620 lrgere,
345 4545 417 4598 aleas
430 4562 531 4610 asciare,
543 4557 729 4603 arrrarnentum
752 4546 943 4601 inconveniens
954 4560 1022 4613 pro·
1036 4518 1061 4579 ⁰
1073 4554 1120 4601 nat
1143 4546 1318 4601 constitutam
1341 4546 1460 4614 regulam
1480 4546 1653 4616 discipliuae,
1681 4550 1764 4604 istam
1783 4547 1853 4602 talem

237 4624 331 4690 posno·
346 4628 394 4666 suo
407 4630 549 4683 quaerere,
566 4618 591 4668 in
608 4618 709 4671 delicias
724 4619 814 4670 vivere
837 4618 878 4671 vel
894 4615 915 4645 ¹⁸
930 4616 1020 4683 gulam
1072 4617 1257 4686 proiciendum
1272 4617 1306 4671 de
1321 4616 1435 4671 ecclesia
1450 4617 1586 4672 catholica
1600 4632 1664 4673 esse
1679 4618 1852 4676 decemimus,

236 4684 433 4737 etennetatem
461 4687 547 4751 sequi,
569 4689 684 4750 prorrdera
701 4687 797 4740 iniusta
819 4687 859 4738 vel
883 4698 1021 4738 arrerrsaras
1071 4686 1726 4754 donecpoenitentiamagatetostendatiructam
1741 4688 1854 4758 penitea-

236 4747 344 4814 babere,
357 4755 492 4819 vitantium
511 4756 636 4807 iniasmm
652 4771 788 4810 exercere.
802 4770 853 4807 ιιοιι
866 4761 955 4807 tarraco
981 4753 1017 4806 iu·
1071 4757 1126 4811 tiae
1140 4769 1221 4817 suae,
1244 4764 1273 4808 ut
1290 4755 1377 4825 posit
1402 4757 1592 4812 commuuione
1620 4767 1753 4828 percepta
1778 4753 1854 4810 indul·

235 4831 306 4872 stum
319 4832 453 4887 nogatuun
469 4832 509 4876 est
522 4825 757 4878 contradicendum
774 4834 883 4891 propter
902 4821 1020 4877 necessi·
1070 4827 1188 4896 peritiam
1208 4824 1367 4893 promisceri.

236 4896 305 4941 tates
319 4890 529 4960 diversas;qnta
546 4895 656 4962 legimus
678 4903 787 4946 sanetas
807 4896 944 4960 apostolos
970 4908 1019 4945 ne·
1106 4893 1366 4949 tabernacola
1388 4894 1471 4949 iaicis.
1501 4894 1538 4949 tte
1563 4896 1670 4951 clericis
1684 4898 1727 4952 tei
1759 4897 1856 4953 tairisa

234 4958 371 5039 grstiasse,
395 4972 422 5015 et
443 4964 468 5015 ia
483 4964 572 5029 regilla
588 4966 672 5017 salicti
697 4963 830 5017 bertelicti
858 4962 1020 5033 paeoniam
1072 4963 1260 5018 eorrrmaninns
1274 4964 1405 5019 submotis
1429 4965 1463 5019 ab
1477 4965 1537 5021 aliis
1550 4981 1604 5020 non
1619 4968 1785 5037 recipiendis
1805 4964 1856 5035 epi·

237 5031 403 5097 praevalere,
421 5048 469 5100 per
481 5048 594 5100 «priorum
608 5048 701 5087 vivarius
715 5033 850 5098 negotium
863 5032 1020 5085 rvtrnrastenii
1073 5035 1176 5093 scriptis.

237 5107 371 5179 trarvseat:
387 5114 575 5158 caucsetaves
588 5107 663 5172 sequi
677 5103 879 5166 adversandum,
896 5103 921 5155 ia
935 5118 951 5155 ο
963 5100 1022 5154 ιιιιί-
1110 5101 1152 5156 55.
1173 5103 1210 5157 ile
1231 5102 1330 5157 clericis
1359 5103 1480 5158 adaerm
1499 5105 1607 5159 inuicem
1628 5109 1736 5178 nepotis
1762 5105 1856 5176 propria

236 5167 296 5247 irus,
317 5170 479 5236 quibuslibet
492 5175 525 5225 sit
548 5174 656 5235 causis,
679 5175 841 5242 superlinunt
865 5185 934 5227 esse.
953 5169 1022 5225 Ecce
1075 5171 1237 5227 beientibus.
1261 5173 1318 5227 Non
1341 5175 1575 5240 oportetciericos
1589 5177 1724 5232 babentes
1738 5181 1858 5232 adversus

238 5236 299 5289 ιιιΙιι
313 5238 393 5293 ethis
407 5242 503 5295 similla
529 5243 656 5297 urinistris
682 5246 774 5297 aitaris
791 5242 896 5295 borniui
917 5255 1022 5294 necnon
1076 5243 1191 5297 invicem
1210 5243 1317 5310 negotia
1337 5243 1475 5311 proprium
1489 5245 1646 5314 episcopum
1662 5246 1815 5316 relinquere
1835 5253 1858 5299 et

238 5313 264 5356 ct
279 5311 416 5365 rrrnvraclris
430 5313 537 5365 ortamno
548 5315 754 5368 contradicimus
767 5328 774 5377 ;
799 5314 832 5366 de
850 5311 947 5380 quibus
958 5310 1024 5364 dicit
1077 5312 1110 5366 ati
1126 5314 1275 5367 saecularia
1292 5313 1389 5368 iudicia
1404 5314 1561 5369 convolare.

845 5450 1041 5508 tatttnu'tlls
1061 5449 1264 5506 tectione&

277 5558 440 5615 'Casstanus
459 5560 492 5615 G.
544 5561 822 5634 'escapitulisliai
856 5563 1209 5618 'abeademsatisiactione
1232 5561 1266 5616 G.
1305 5564 1387 5618 ‘cara
1410 5581 1487 5635 capp.
1509 5565 1647 5639 bilibri.
1669 5567 1860 5639 Capituiaredr

240 5628 580 5707 barinodominico,sapra.
617 5635 815 5688 “nuliuscorm
841 5633 1032 5689 cantitabam
1051 5632 1171 5688 uiliilai.
1201 5632 1380 5689 “iecerintffl
1417 5637 1468 5690 'ct
1480 5634 1513 5691 G.
1551 5637 1763 5708 ⁸cnrriganti1'.
1792 5641 1859 5692 'sin-

238 5700 339 5763 prataria
353 5698 384 5752 G.
425 5700 445 5730 ¹⁰
460 5702 528 5755 deest
542 5703 574 5756 ii.
614 5705 780 5773 ¹¹pertinent
793 5701 825 5756 G.
866 5703 1039 5759 ¹¹iniustnG.
1079 5702 1387 5772 ''vivereveliepiiai
1428 5705 1686 5764 '‘observetisflrti.
1727 5711 1750 5741 ¹¹
1764 5708 1859 5765 aitilal.

235 5770 258 5801 ¹⁶
268 5770 424 5852 qaicttnqtte
440 5770 556 5846 Maia
567 5774 601 5832 ..²¹
619 5775 705 5846 ptimo
724 5772 783 5832 ttat.
799 5773 881 5839 ntitiit,
894 5789 971 5840 qaam
989 5789 1067 5830 arram
1081 5782 1179 5828 terrram
1192 5774 1323 5842 scripserit
1334 5775 1399 5842 aaa
1440 5775 1461 5808 ¹⁸
1475 5776 1637 5834 ciltbtittnos
1650 5777 1685 5836 G.
1734 5781 1756 5812 ¹⁹
1768 5777 1860 5837 stilai.
