3826 6112
132 261 204 322 idib

305 258 420 316 codex
441 254 704 314 blPLlliileCUS.
726 283 760 294 —
781 247 989 310 tullissent.
1007 275 1043 289 -
1062 244 1187 301 Pittttt.
1209 242 1276 299 t‘tttl
1296 241 1431 297 PARTES
1451 239 1589 297 titillat.

1697 235 1765 295 tbtt

131 363 253 436 (finitatis
268 374 348 430 bora
363 387 448 436 nsque
463 371 590 434 Stratatn,
604 384 637 426 ac
651 368 748 425 deinde
763 369 790 423 in
805 372 919 439 Aquam·
934 364 959 422 ll
973 373 1081 415 cansam
1096 358 1179 426 ipsios
1194 357 1317 412 ecclesias
1332 355 1476 425 diligenter
1490 355 1626 422 inquirant
1646 361 1674 406 et
1695 343 1762 407 eta·

135 471 252 538 iuungam,
269 478 354 534 usque
367 464 430 518 dum
444 460 557 516 venitin
573 459 727 514 littriauam.

168 579 239 635 lolra
261 579 327 633 istos
350 571 560 646 prenominatos
584 570 673 637 dites,
700 569 769 624 slent
791 567 927 623 assuetis

135 673 266 740 patribus,
280 677 308 725 et
322 667 426 723 idoneis
441 679 473 720 ae
487 661 628 718 catltulieis
644 661 797 717 bominibus
809 659 929 730 antiqui-

137 774 179 818 tus
200 764 227 818 in
248 763 304 830 ipsa
325 757 442 816 ecclesia
465 757 639 810 coustitutum
660 753 742 809 inisse
763 753 927 822 reperimus,

137 855 227 912 onndn
247 868 308 922 pars
323 851 408 918 ipsius
422 849 544 904 ccclesiae
559 861 653 902 secure
676 861 707 899 uc
727 847 816 917 quiete
838 854 928 899 uestra

137 946 218 1018 regali
233 944 392 999 anctoritate
408 941 561 1006 perenniter
573 938 718 1007 possideat.
735 938 834 993 [letulit
848 938 927 993 etiam

139 1038 290 1106 prntiontos
304 1033 434 1100 qntnotilex,
447 1031 518 1101 quod
531 1030 637 1084 cuidam
651 1028 725 1083 trani
738 1044 787 1083 suo
797 1031 931 1098 Attsperto

138 1131 246 1185 trontius
260 1125 381 1196 quaedam
398 1124 517 1178 oratoria
537 1123 605 1192 jons
626 1131 725 1175 sarnctac
743 1121 872 1189 {lercensis
885 1137 930 1176 cc·

137 1222 244 1284 alesine,
269 1232 349 1272 unum
371 1216 482 1284 quidem
505 1215 531 1268 iu
555 1213 674 1268 [unciaria
697 1213 766 1268 iuter
782 1211 880 1266 Pelium
902 1219 930 1266 ct

141 1315 297 1368 ltntotlennm
323 1312 348 1365 iu
373 1311 476 1364 bonore
499 1308 584 1362 saocti
607 1306 734 1376 Georgii,
760 1316 785 1360 ct
807 1307 878 1360 aliud
903 1307 929 1359 in

140 1404 257 1459 liabiaoa
282 1402 411 1456 similiter
436 1400 505 1461 irater
527 1397 627 1452 Padutu
651 1407 678 1451 et
701 1396 878 1461 liuudenunt,
905 1396 931 1450 iu

142 1498 243 1569 lntnqre
257 1493 341 1546 sancti
358 1493 475 1546 Andreae
491 1498 694 1557 ernostruetum,
715 1489 819 1544 cunctis
837 1487 930 1544 diebus

141 1591 204 1644 ritu
226 1604 280 1641 suae
301 1601 350 1655 per
364 1583 502 1640 decretum
524 1597 684 1637 cencessum
706 1580 850 1636 babuisset.
878 1579 931 1636 Sed

141 1698 204 1737 com
220 1679 389 1749 postmodum
406 1679 475 1733 idem
490 1677 640 1744 bttspertus
654 1675 810 1732 monasterii
825 1675 931 1730 Nonou·

142 1775 257 1830 teleusis
273 1785 378 1842 portum
395 1779 519 1839 peteret,
544 1773 600 1838 ipsa
625 1770 742 1823 oratoria
766 1784 813 1839 pro
827 1781 877 1822 suo
892 1768 934 1822 iu-

143 1868 226 1921 troitu
250 1865 378 1933 praedicto
394 1862 558 1917 ntottasterio
573 1860 694 1916 dederat.
721 1861 935 1916 Praeuominatus

146 1975 212 2014 vero
233 1970 308 2027 pater
323 1955 492 2025 dpollenaris
512 1954 674 2022 episcopus,
697 1967 730 2008 ne
752 1950 865 2007 ccclesia
887 1964 935 2005 sua

144 2052 272 2105 damnum
288 2055 437 2116 pateretur,
457 2060 518 2100 eom
534 2060 585 2101 suo
599 2046 736 2099 sevocato
752 2045 778 2098 in
795 2043 933 2112 praesentia

142 2141 222 2194 «lancis
237 2137 320 2194 nostri
337 2136 473 2200 Goeradi,
500 2149 562 2190 cum
577 2135 706 2190 dttselme
723 2135 779 2204 iam
798 2135 861 2191 dicti
878 2150 937 2192 mo·

145 2230 252 2286 trasterii
267 2230 363 2284 ablnate
378 2229 404 2283 in
418 2227 547 2297 judicium
560 2229 696 2284 conuenit.
712 2227 850 2283 blesensia
871 2241 936 2284 rere

144 2337 206 2391 qum
222 2321 292 2375 inter
306 2321 358 2375 duo
373 2319 539 2374 venerabilia
555 2318 613 2374 loca
627 2327 766 2387 creuerat,
781 2319 880 2389 absque
896 2318 936 2373 rt·

144 2414 269 2468 cinerum
292 2412 429 2481 episcopor
438 2425 481 2463 um
503 2409 636 2464 audientia
656 2410 806 2464 nntlatenos
826 2408 936 2463 diiiluiri

145 2512 262 2576 poterat.
281 2501 395 2568 ideoque
409 2499 480 2554 datis
494 2497 620 2564 induciis,
633 2507 687 2554 tres
701 2498 832 2569 episcopi,
843 2499 936 2554 Petrus

145 2596 252 2652 scilicet
275 2592 474 2656 Bononiensis,
502 2589 676 2647 Geminiauus
702 2589 876 2653 Mutinensis,
910 2598 937 2643 et

146 2684 243 2741 Petrus
259 2682 431 2751 larinensis,
455 2696 516 2736 curn
540 2681 602 2736 aliis
625 2680 728 2735 idoneis
750 2688 779 2735 et
799 2680 938 2735 cntlrolicis

147 2778 213 2832 viris
236 2777 374 2832 connuocnti
398 2785 469 2830 som.
499 2773 683 2841 Quibuscum
709 2772 762 2843 iam
789 2773 845 2828 late
868 2771 937 2828 dirce

147 2869 273 2924 Goerado
287 2865 313 2922 in
327 2866 429 2937 judicio
442 2864 630 2930 residentibus,
647 2863 816 2932 apollenaris
830 2863 937 2930 etniseo·

149 2973 219 3030 pus,
244 2968 273 3012 et
295 2958 377 3013 abbas
392 2959 535 3013 dussimus
549 2956 701 3011 aduerunt:
718 2970 832 3026 quornm
846 2953 938 3025 queri·

979 451 1089 505 toiueut.
1107 448 1159 517 ipsi
1170 462 1234 502 uero
1246 445 1367 499 aduocati
1380 446 1414 498 ab
1424 445 1496 498 omni
1508 443 1612 514 publica
1624 443 1765 503 exactione

978 541 1032 595 sint
1047 543 1190 595 intmnnes.
1215 538 1242 592 Si
1257 537 1316 605 quis
1331 542 1421 590 attlctu
1441 535 1509 588 banc
1523 544 1623 589 uestrae
1637 532 1768 587 cunstitu-

980 636 1061 691 tiouls
1074 633 1261 688 auctoritatem
1277 629 1380 683 irritant
1396 627 1487 681 lacere
1502 624 1645 680 tenuaverit
1663 622 1771 680 emutti-

979 725 1043 780 latis
1066 721 1215 784 mulctam,
1242 719 1312 773 idest
1334 719 1438 788 negt-nu
1463 717 1545 770 libras
1567 714 1674 785 triginta
1701 714 1770 783 parti

980 826 1082 873 sauctae
1095 813 1234 882 liegieusis
1247 812 1369 868 ecclcsiae
1386 811 1538 880 persoluere
1552 816 1674 875 conatur.
1693 805 1726 860 Et
1742 814 1772 859 ιιι

981 911 1032 965 luae
1052 917 1150 963 nostum
1165 906 1315 977 largitionis
1339 914 1366 958 et
1388 901 1544 958 emunitatis
1559 916 1590 955 ac
1605 896 1772 954 defensionis

981 1017 1029 1059 seu
1050 998 1234 1067 inquisitionis
1255 997 1295 1051 sel
1319 995 1504 1050 advocationis
1527 1001 1689 1060 praeceptum
1708 988 1771 1042 diu·

982 1093 1068 1150 tornis
1085 1090 1251 1161 temporibus
1269 1090 1294 1144 in
1317 1104 1367 1143 suo
1381 1088 1478 1142 robore
1493 1091 1668 1155 permaneat,
1691 1089 1774 1151 atque

982 1187 1016 1242 ab
1025 1184 1152 1241 omuibus
1164 1181 1253 1248 uerius
1266 1179 1391 1234 credatur
1404 1173 1592 1244 etdiliqentius
1603 1172 1774 1237 observetur,

982 1289 1079 1330 mannus
1104 1280 1205 1326 uostrre
1230 1266 1429 1336 subscriptione
1453 1266 1545 1320 subter
1568 1261 1775 1326 antttotatiruus,

982 1365 1115 1432 anuloque
1130 1371 1222 1415 oo=tro
1236 1360 1352 1427 sigillare
1365 1357 1504 1426 jussimus.

1018 1457 1128 1525 sunnon
1144 1453 1233 1506 Caroli
1247 1450 1433 1522 gloriosissimi
1450 1448 1531 1518 repis.

1019 1545 1165 1599 (lilibettns
1180 1540 1212 1594 ad
1229 1542 1311 1596 ricem
1327 1539 1448 1595 [tadonis
1460 1537 1616 1605 recognovi.

1021 1639 1084 1692 liuta
1108 1637 1135 1690 iu
1159 1649 1252 1689 intense
1275 1632 1356 1688 lunio
1371 1632 1415 1687 die
1434 1641 1529 1686 octavo
1554 1630 1580 1684 in
1603 1641 1674 1681 aratro
1696 1624 1777 1681 tertia

947 1713 1090 1786 Bdeciano
1105 1737 1132 1782 ct
1145 1725 1272 1795 septimo,
1288 1725 1434 1780 indictione
1448 1723 1564 1778 decima.

1024 1824 1121 1879 Actum
1146 1820 1229 1891 Papia
1249 1820 1379 1882 ciuitate,
1403 1817 1430 1871 iu
1453 1816 1499 1871 Dei
1524 1813 1632 1876 uotuiue
1653 1808 1775 1867 ielieitcr.

987 1919 1083 1972 btttett.

1351 1977 1417 2034 ιἰΙΙ.

986 2073 1200 2148 DiplotuuCaroli
1208 2072 1355 2143 linquique
1364 2069 1645 2138 priuilepiuutercleeioe
1655 2067 1778 2122 Arretinis

1236 2143 1350 2197 concedit
1365 2143 1444 2211 (auno
1457 2139 1533 2207 785).

1063 2236 1108 2300 <tlt
1124 2235 1267 2296 unntorto,
1280 2231 1445 2296 Antiquitates
1456 2231 1545 2281 italicus
1557 2229 1621 2280 med.
1632 2229 1698 2293 essi.)

1021 2319 1135 2374 Carolus
1150 2316 1234 2389 qratia
1251 2316 1297 2370 lici
1314 2330 1360 2371 rea
1371 2313 1535 2370 Frattcorum
1550 2323 1576 2368 et
1592 2311 1782 2382 Langobardo-

987 2429 1060 2482 tutu,
1073 2428 1104 2467 nc
1118 2411 1245 2480 patricius
1260 2409 1451 2464 britannorum.
1465 2407 1492 2461 Si
1504 2404 1677 2475 petitionibus
1688 2417 1779 2457 sacer·

987 2505 1094 2568 dutuut,
1109 2503 1151 2557 ιιι
1165 2514 1304 2556 sertorum
1322 2499 1377 2563 boi,
1394 2499 1420 2552 in
1435 2513 1488 2564 quo
1503 2496 1601 2552 uostris
1618 2495 1716 2550 interint
1729 2509 1780 2548 au-

987 2601 1061 2675 ribus
1087 2597 1199 2668 prolata.
1225 2596 1338 2650 libenter
1362 2590 1538 2654 obaudimus,
1563 2601 1590 2646 at
1613 2603 1659 2645 eas
1682 2588 1708 2642 iu
1734 2586 1788 2643 bei

989 2691 1097 2747 nomios
1111 2687 1217 2744 ellectni
1238 2686 1432 2753 mancipamus,
1446 2684 1546 2754 reqiaot
1561 2680 1786 2738 coosttstttdiueus

988 2794 1162 2843 exercemus,
1174 2789 1203 2833 et
1218 2779 1268 2832 boc
1283 2776 1359 2831 nobis
1372 2773 1405 2828 ad
1421 2772 1573 2828 mercedum
1588 2773 1628 2827 sel
1648 2770 1782 2826 stabilitu-

990 2883 1043 2929 tetu
1059 2870 1133 2940 requi
1152 2868 1236 2923 nostri
1253 2868 1388 2936 pertinere
1402 2864 1571 2918 condidimus.
1595 2862 1676 2932 igitur
1689 2871 1782 2915 notnut

990 2964 1025 3019 sit
1036 2963 1156 3017 omnium
1172 2957 1292 3015 lldeliom
1310 2931 1461 3010 nostroium
1474 2952 1658 3024 magnitudini,
1675 2965 1785 3021 preten-

149 3053 248 3108 ¹¹¹⁰¹¹i²¹2
268 3051 400 3119 subdidi?
413 3050 558 3118 (stillim,
583 3049 696 3105 eccle-‘⁵²
711 3047 871 3119 R0850¹¹⁵¹⁵s
893 3045 937 3102 ιιι
952 3058 977 3123 c
993 3057 1058 3112 tinm
1074 3052 1198 3108 videlicet
1212 3060 1241 3106 et
1256 3052 1422 3114 interorum,
1443 3046 1556 3115 qualiter
1569 3044 1729 3100 uenerabilis
1743 3041 1785 3096 uir

153 3144 245 3200 debito
257 3143 319 3215 jure
331 3143 386 3213 jam
403 3143 455 3197 lata
472 3142 589 3197 oratoria
605 3139 726 3211 solticcta
741 3149 836 3208 eraut,
857 3152 940 3193 eano-

150 3237 213 3291 oico
238 3251 269 3290 ac
295 3235 372 3305 legali
388 3233 484 3291 ordine
504 3233 654 3304 acquisivit.
684 3231 715 3286 Et
737 3232 773 3286 ob
795 3230 941 3286 firmiorem

150 3327 335 3391 securitatem,
345 3325 465 3380 trotitiam
477 3324 603 3393 scriptam
615 3323 779 3393 testibusque
789 3322 942 3377 roboratam

151 3435 213 3473 cnm
230 3419 289 3487 ipso
304 3417 414 3472 decreto
437 3430 510 3484 saepe
529 3414 682 3471 uotntinatus
703 3424 779 3483 pater
796 3414 943 3476 presentiae

154 3519 254 3562 nostrae
269 3506 381 3570 obtulit,
404 3505 559 3576 postulans,
581 3513 609 3556 ιιι
624 3519 671 3557 uos
687 3501 832 3557 inviolabili
848 3511 942 3556 nostro

155 3606 289 3667 praecepto
304 3612 362 3651 eam
379 3595 534 3659 firmantes,
557 3609 664 3648 omnem
687 3592 865 3648 contentionis
889 3607 945 3646 utc-

156 3703 219 3740 sum
235 3687 458 3755 altstergcremus.
475 3683 558 3754 Cujus
573 3683 692 3752 petitioni
707 3691 873 3744 annuentes,
898 3696 945 3748 per

156 3780 208 3830 ltec
223 3788 342 3830 nostrum
367 3784 529 3843 praeceptum
550 3772 684 3842 praedicte
703 3781 803 3828 sancte
823 3771 946 3826 ecclesiae

158 3867 216 3932 ipsa
231 3867 346 3919 oratoria
362 3866 565 3930 condittuanrus,
582 3875 662 3933 atquo
685 3864 745 3919 siue
767 3863 821 3918 ullo
836 3872 945 3918 coutra-

158 3959 265 4012 dietore
283 3954 458 4010 restituimus.
488 3956 620 4011 i'rreterea
646 3965 674 4010 ct
694 3954 789 4026 Gaium
805 3964 946 4023 nostrum,

159 4047 231 4114 qnod
256 4048 281 4099 in
304 4045 398 4100 eodem
424 4045 482 4099 loco
504 4045 583 4115 jutta
609 4061 652 4101 res
675 4045 760 4116 ipsius
780 4040 901 4101 ccclesiae
920 4045 946 4100 ln

158 4137 281 4193 Luciaria
295 4135 433 4203 conjacet,
448 4145 474 4190 et
491 4151 561 4191 nunc
576 4136 680 4191 nouiter
694 4137 835 4202 excolitur,
850 4150 883 4190 ern
898 4150 948 4204 po·

159 4226 297 4290 stulaote,
321 4225 440 4280 oratorio
461 4229 546 4280 sancti
561 4226 670 4297 Georgii
693 4241 741 4297 per
756 4226 807 4282 boc
828 4237 948 4281 nostrum

161 4327 325 4386 preceptum
345 4316 406 4385 iore
429 4317 536 4387 proprio
550 4318 585 4373 ob
599 4319 695 4373 animm
717 4329 814 4374 nostrae
837 4319 949 4372 salutum

994 3144 1145 3211 eribertus,
1157 3150 1248 3195 sancte
1261 3136 1439 3194 arretinensis
1449 3135 1563 3191 ecclesie
1572 3136 1713 3204 episeopus
1724 3148 1785 3203 quat

994 3246 1036 3294 est
1048 3244 1204 3294 constructa
1224 3234 1250 3286 in
1272 3232 1373 3286 ltottore
1386 3229 1471 3285 sancti
1487 3228 1598 3292 ὓοιιιιι,
1614 3229 1653 3282 ad
1667 3236 1785 3283 nostram

996 3329 1109 3384 accessit
1127 3324 1314 3386 clenseutiam,
1334 3332 1362 3377 et
1382 3321 1457 3390 petiit
1474 3319 1612 3375 serenitati
1630 3327 1737 3382 nostre,
1758 3327 1790 3372 ιιι

997 3434 1091 3474 omnes
1110 3431 1154 3472 res
1174 3416 1256 3483 ipsius
1269 3414 1393 3477 ecclesie,
1407 3427 1459 3482 que
1473 3411 1571 3467 ibidem
1589 3426 1605 3464 a
1624 3411 1703 3480 looqo
1718 3421 1786 3465 teto·

997 3527 1065 3582 pore
1077 3521 1105 3566 ct
1119 3524 1203 3580 usque
1222 3522 1293 3563 nunc
1305 3507 1369 3561 risse
1387 3515 1449 3559 suut
1467 3504 1637 3574 pertinuisse,
1658 3513 1709 3556 tam
1730 3516 1788 3556 mo·

1000 3601 1114 3657 oesteria
1136 3600 1178 3653 tel
1197 3596 1372 3660 senodochia,
1395 3610 1527 3665 qttamque
1545 3604 1573 3649 et
1594 3594 1721 3649 eeclesias
1740 3593 1785 3646 ba·

1000 3695 1148 3765 ptismales,
1169 3707 1217 3746 seu
1240 3689 1358 3758 reliquas
1381 3688 1572 3754 possessiones,
1594 3686 1717 3756 quicquic
1740 3697 1789 3752 pet

999 3784 1158 3840 donationes
1173 3780 1213 3835 tel
1228 3778 1443 3835 continuationes
1461 3792 1571 3845 repunt,
1590 3779 1646 3830 sino
1664 3773 1791 3827 vittditie·
1832 3814 1834 3819 .

1002 3888 1061 3937 ues,
1075 3870 1351 3936 commutationesque
1365 3882 1397 3923 et
1414 3867 1544 3921 ιιοιιιιιιιιιι
1559 3865 1695 3919 Ιιοιιιιιιιιιιι
1711 3863 1792 3933 larqi·

1001 3976 1056 4023 tate
1069 3966 1166 4022 ibidem
1179 3964 1242 4019 date
1256 3965 1298 4018 uel
1315 3961 1465 4016 condonate
1479 3966 1560 4022 tunt,
1575 3957 1616 4013 uel
1630 3956 1709 4010 etiam
1724 3954 1791 4008 illud

1002 4058 1193 4113 rtronnsteriuut
1213 4053 1298 4110 sancti
1319 4052 1464 4116 benedicti,
1486 4049 1512 4104 iu
1531 4048 1710 4116 suprascripta
1731 4046 1790 4114 ipsa

1002 4151 1119 4218 ciuitate,
1136 4148 1207 4218 qood
1227 4147 1296 4201 boue
1310 4145 1439 4200 tnemorie
1450 4141 1640 4198 cunemundus
1654 4138 1788 4209 quondam

1000 4241 1142 4312 episeopus
1163 4247 1319 4292 antecessor
1339 4251 1404 4290 suus
1424 4234 1525 4304 legibus
1547 4231 1728 4300 comparauit,
1748 4228 1791 4283 rel
1843 4257 1846 4263 ·

1001 4345 1051 4385 suo
1074 4327 1193 4383 laudarit
1215 4340 1307 4395 opere,
1330 4340 1380 4379 orm
1400 4340 1460 4378 ιιιιιι
1485 4324 1565 4378 rebus
1586 4321 1641 4376 suis
1666 4319 1791 4389 propriis,

160 4408 334 4460 concedimus
349 4421 410 4461 cnm
426 4407 619 4476 pisentiontbns
631 4421 678 4476 per
689 4407 789 4462 Padnto
802 4417 830 4464 et
842 4407 949 4463 bonde·
965 4427 989 4486 q)
1003 4437 1069 4492 quas
1083 4421 1116 4474 de
1128 4421 1187 4488 jnre
1207 4428 1345 4489 pareutum
1359 4431 1467 4471 sutorum
1486 4415 1589 4477 babuit,
1609 4422 1637 4467 et
1654 4411 1687 4467 atl
1707 4412 1793 4481 ipsam

161 4515 241 4564 ιιιιιιι,
266 4498 426 4567 paludesque
440 4509 467 4554 el
487 4499 562 4554 laetu
583 4498 798 4569 conjacentibus.
821 4500 951 4556 §inutiliter

162 4602 270 4656 qttttqtte
292 4599 320 4640 et
342 4589 460 4642 oratorio
475 4588 562 4642 saucti
578 4587 694 4642 drtdreae
706 4588 837 4643 donamus
853 4599 951 4643 terrant

166 4691 193 4732 et
207 4681 303 4735 siluaut
317 4681 385 4751 iuris
400 4683 475 4752 requi
492 4684 594 4749 nostri,
614 4699 673 4752 quas
688 4683 758 4738 circa
775 4699 818 4738 tes
832 4682 952 4752 ejusdcm

165 4769 286 4826 eeclesias
301 4773 370 4827 inter
384 4773 484 4828 Padurn
499 4785 527 4829 et
543 4774 699 4828 bundenum
717 4775 742 4828 iu
757 4773 875 4829 Gabiann
889 4788 954 4827 cott-

166 4864 254 4929 s'tstit,
270 4879 330 4917 curu
352 4865 543 4934 piscationibus
558 4882 605 4936 pet·
620 4866 720 4922 Padunt
735 4876 763 4923 et
778 4865 953 4929 ilrttrdeouut,

169 4952 338 5021 l'aludeaque
353 4966 380 5007 et
395 4954 500 5009 Lacus:
516 4968 544 5009 ut
559 4971 630 5025 saepe
646 4958 781 5011 notatiuata
797 4964 888 5009 sancta
904 4955 955 5008 ilc·

167 5043 269 5112 gieusis
281 5045 399 5098 ecclesia
416 5049 472 5099 bane
487 5048 577 5100 uotrnia
597 5048 657 5116 jure
673 5047 851 5115 proprietario
866 5055 956 5100 teneat

168 5143 252 5201 atque
270 5133 405 5201 possideat
426 5137 525 5203 absque
549 5136 663 5202 alictntts
686 5137 827 5203 potestatis
840 5144 955 5189 contra·

167 5225 294 5280 dictione.
311 5227 489 5283 concedimus
501 5232 593 5294 etiam,
606 5240 633 5282 ut
647 5228 670 5282 si
683 5229 820 5283 contentio
831 5228 865 5284 de
877 5229 957 5286 rebus

167 5332 201 5371 ac
213 5315 322 5372 inmiliis
335 5318 455 5386 ejusdcm
469 5319 589 5376 ecclcsiae
604 5318 685 5375 luerit
702 5321 796 5384 lnotta,
820 5319 898 5374 liceat
916 5322 956 5375 iu·

169 5408 278 5477 quisitio
292 5411 347 5465 llcri
364 5414 508 5480 perbonos
523 5424 550 5468 et
563 5413 692 5483 ingeniatus
707 5412 829 5466 bomiues
843 5413 958 5467 circum·

170 5513 277 5568 qunque
291 5512 429 5555 tntattcutes
449 5502 578 5571 usquead
593 5511 799 5556 sacramentum.
825 5500 958 5557 linbeant·

170 5602 224 5658 que
246 5589 297 5644 sibi
322 5593 462 5661 potutlrcos
485 5593 569 5662 ipsius
589 5593 712 5648 ecclesia
733 5591 877 5647 advocatos
892 5594 959 5651 duos

171 5679 215 5735 ιιι
228 5690 294 5752 tres,
309 5685 331 5739 si
347 5699 457 5742 neccsse
471 5684 571 5754 luerit,
591 5698 660 5754 ques
678 5682 728 5754 ipsi
745 5684 894 5754 elegerint,
914 5686 958 5757 qui

1002 4513 1141 4569 ecclesiam
1164 4511 1213 4566 liei
1238 4514 1312 4566 uisus
1332 4510 1380 4563 luit
1395 4509 1546 4578 delegasse:
1568 4506 1703 4573 inspectas
1721 4504 1803 4572 ipsas.
1847 4538 1850 4544 ·

1004 4602 1204 4670 preceptiones,
1225 4599 1266 4653 sel
1286 4598 1519 4660 condrrttationes,
1543 4596 1599 4651 aine
1619 4593 1800 4657 vinditiones..

1004 4692 1046 4747 rel
1061 4690 1298 4752 commutationes,
1311 4689 1399 4744 deusto
1415 4704 1462 4757 per
1476 4696 1594 4742 nostram
1608 4687 1802 4742 tauctoritatem

1003 4785 1075 4838 circa
1091 4783 1179 4851 ipsum
1193 4792 1314 4837 sanetum
1330 4781 1415 4835 locuto
1432 4780 1524 4834 redere
1536 4790 1563 4834 et
1577 4779 1735 4834 cortllrmarc
1746 4777 1795 4831 de·
1814 4838 1820 4845 ,

1005 4875 1142 4928 lueremus.
1170 4872 1254 4942 Cojns
1282 4873 1437 4941 petitionem
1466 4883 1513 4938 pro
1539 4868 1687 4923 reverentia
1714 4867 1798 4934 ipsitts

1005 4966 1090 5019 sancti
1114 4965 1166 5018 loci
1193 4965 1332 5018 noluimus
1356 4963 1505 5029 denegare:
1533 4959 1580 5013 sed
1606 4958 1631 5011 io
1655 4957 1802 5013 elimosina.

1006 5065 1094 5107 uestra
1110 5053 1145 5107 ita
1166 5053 1312 5122 prestitisse
1329 5059 1355 5106 et
1369 5052 1541 5105 eoulirmasse
1554 5059 1707 5117 cognoscat.
1730 5045 1797 5102 Pre-

1006 5143 1136 5211 eipicotes
1147 5157 1212 5211 erqo
1226 5142 1361 5209 iubemus,
1375 5149 1403 5192 ut
1415 5139 1484 5194 sicut
1496 5148 1599 5193 certant
1615 5137 1671 5204 ipsa
1685 5137 1805 5193 ecclesia

1007 5234 1091 5289 sancti
1118 5233 1213 5286 botrani
1238 5232 1271 5286 de
1296 5229 1420 5299 predictis
1443 5231 1524 5283 rebus
1544 5243 1560 5282 a
1579 5229 1657 5298 longo
1679 5238 1801 5295 ternpore

1006 5323 1077 5393 juste
1090 5333 1117 5377 et
1132 5321 1327 5376 rationabiliter
1343 5318 1445 5386 legibus
1462 5321 1555 5374 vestita
1578 5319 1670 5386 inisset,
1690 5328 1717 5374 et
1736 5332 1799 5386 pre·

1008 5417 1078 5470 senti
1092 5425 1212 5483 tempore
1227 5421 1391 5466 memoratus
1406 5411 1446 5465 ιιι·
1460 5412 1621 5467 uenerabilis
1635 5411 1674 5464 uir
1687 5411 1798 5466 dribctt·

1009 5514 1053 5560 tus
1074 5504 1214 5574 episcopos
1235 5514 1309 5559 reete
1332 5504 1438 5558 tramite
1461 5504 1600 5574 possidere
1619 5505 1734 5572 rideutr,
1759 5504 1801 5559 iu·

1010 5605 1115 5666 spectas
1136 5592 1218 5661 ipsius
1244 5582 1432 5664 p‘receptlenes
1453 5595 1496 5650 uel
1519 5593 1735 5649 cornssrmationes
1757 5607 1800 5649 ra·

1010 5701 1084 5759 gratu,
1096 5694 1124 5740 ut
1134 5683 1258 5756 diximus,
1274 5698 1323 5742 seu
1334 5685 1507 5753 tituditiouee,
1516 5684 1560 5742 sel
1573 5683 1788 5745 connunntatisacs
