3826 6112
147 325 201 380 un
310 319 426 377 onom
445 317 704 377 nreuousucus.
718 349 750 360 -
763 320 923 377 uuoorrer
940 321 1011 377 rer
1030 320 1193 379 uorrramr
1207 319 1448 378 eaerruuanm.
1465 351 1499 361 -
1515 320 1565 376 nl.
1587 321 1651 378 asa.
1742 324 1793 378 ess

181 438 227 491 ιι.
241 438 345 492 Census
360 436 458 505 regalis
476 434 663 503 undecumque
679 433 800 504 legitime
820 435 939 500 exiebat,
955 440 1064 501 Arum,
1079 435 1252 505 pupillorum,
1268 445 1298 489 ut
1314 435 1340 487 in
1354 433 1468 504 publicis
1481 433 1616 489 indicibus
1630 447 1684 487 non
1707 433 1795 502 despi-

145 530 271 584 rolumus
283 536 312 582 ut
331 527 394 582 iude
415 527 545 592 soluatur,
561 527 618 582 sire
641 526 674 582 de
695 526 802 595 propria
826 541 942 595 persona
994 527 1103 581 eiantur
1118 527 1299 596 increpantes,
1315 525 1363 581 sed
1377 525 1520 595 diligenter
1532 524 1689 584 audiantur.

146 623 268 679 h⁰¹¹¹³¹¹l⁵
280 621 338 677 Sile
351 621 384 676 de
403 620 494 675 rebus·
1028 641 1072 696 55.
1087 639 1116 694 Si
1130 654 1223 694 seruus
1237 639 1445 695 numeraremus
1456 637 1548 702 fuerit,
1564 639 1631 693 duas
1650 647 1743 706 partes
1762 638 1796 693 dc

179 720 226 775 ²3·
243 717 278 775 Ul
291 717 407 788 8ῑῐιιιῑιῖῑ5
419 715 553 785 fllssfillffs
565 714 707 769 abbatibus
719 713 862 783 dllidffflff
879 727 943 767 ⁰⁰¹¹·
994 729 1069 800 ipsa·
1080 729 1266 798 conpositione
1278 729 1354 782 tollat
1364 728 1449 783 curtis
1461 735 1563 788 nostra,
1576 734 1604 780 et
1614 726 1693 781 tertia
1701 741 1764 795 pars
1773 726 1794 758 ¹·

146 812 267 868 sisterem
282 808 410 863 ¹h⁶⁵³¹¹s⁰
435 805 620 861 “clfsmfiffl
643 810 753 874 1³¹⁰P²⁰¹
779 802 942 872 P⁰ss¹d³²¹ffl¹
992 822 1112 892 parentis
1125 821 1292 890 scrriipsins
1311 821 1397 875 nostri
1419 818 1552 884 defuncti,
1577 818 1648 874 sieut
1670 819 1795 889 superins

145 910 193 956 ⁰¹¹¹
205 899 404 972 oesslegffl'uam
416 896 532 961 ⁰¹¹⁸‘0di’
552 911 587 951 ¹¹⁰
600 895 701 965 ”ninid
714 895 747 950 ‘¹⁰
769 895 883 963 8⁰¹¹¹¹¹¹i⁵
896 903 943 948 ³¹¹²
993 916 1119 970 diximus.
1135 915 1192 970 lloe
1206 923 1297 970 autem
1313 916 1339 968 iu
1358 915 1455 970 diebus
1465 913 1569 970 nostris
1589 919 1617 968 et
1632 913 1796 983 intempore

144 991 179 1047 (ιθ
195 986 673 1059 i³⁸5⁸¹⁰¹51l110¹¹¹f³2¹¹¹f⁰liff‘filfflii
692 986 744 1052 ⁸5²3
759 987 822 1056 (ιῑιῑι
840 987 942 1041 ‘filium
993 1007 1069 1077 regni
1082 1007 1167 1061 nostri
1188 1007 1344 1073 statuimus,
1356 1007 1481 1076 quamuis
1492 1006 1534 1062 lex
1552 1013 1647 1061 nostra
1663 1021 1716 1062 non
1731 1021 1795 1075 pos-

144 1083 373 1152 estnobis,qnod
397 1083 583 1150 negotiatores
604 1079 691 1135 ludaei
715 1093 819 1133 necnon
848 1079 942 1132 etalii
992 1099 1072 1153 spo·
1086 1099 1150 1153 1203,
1170 1106 1262 1154 amem
1290 1107 1413 1155 „ostrum
1435 1099 1576 1154 decessum
1592 1098 1702 1168 quim
1725 1106 1794 1154 wm-

145 1175 305 1247 sswmmu*
317 1173 390 1242 (ΨΜ
402 1171 531 1241 ‘mimum
541 1170 582 1225 ⁰³⁸
591 1169 710 1240 9¹³⁰⁰¹¹¹⁹
723 1169 827 1238 9⁰⁵⁸i¹¹¹
839 1169 891 1224 '¹³¹’
902 1168 943 1224 ⁰³³
992 1204 1057 1259 pore
1068 1191 1194 1261 princeps
1208 1189 1298 1255 fuerit,
1311 1189 1394 1245 faeiat
1411 1191 1483 1248 sicut
1495 1191 1521 1246 ei
1545 1190 1618 1245 Deus
1642 1189 1792 1259 inspirare-

144 1280 400 1410 θωίῗιιιιιιιιιιιυε
411 1352 483 1422 quod
496 1350 559 1406 alibi
573 1350 687 1406 reddant
706 1347 868 1405 beneficium
894 1367 942 1407 no

144 1454 232 1504 etrum
245 1447 279 1500 ad
291 1445 359 1500 alios
381 1444 505 1498 bomines
522 1443 549 1496 in
569 1441 774 1511 proprietatem,
788 1449 816 1496 et
834 1441 861 1496 in
883 1442 941 1510 ipso

144 1539 246 1612 placito
257 1539 302 1594 dat
312 1537 429 1608 pretium
442 1543 470 1591 et
482 1541 611 1604 conparat
624 1533 696 1603 ipsas
710 1549 754 1589 res
766 1534 865 1589 iterum
888 1535 940 1591 sibi

145 1634 174 1686 ln
189 1642 202 1671 ¹
216 1629 323 1684 alodum
337 1645 344 1694 ;
357 1627 428 1697 quod
439 1626 551 1681 oronino
574 1624 724 1679 carendum
741 1631 793 1687 est,
806 1625 870 1693 quia
893 1624 941 1694 qui

143 1721 197 1776 boc
218 1719 322 1775 faciunt
351 1733 404 1772 non
428 1713 666 1772 benecustodiunt
677 1714 755 1769 tidem
769 1729 849 1783 quam
863 1716 941 1771 nobis

142 1814 304 1883 promissam
317 1811 426 1866 babent.
441 1810 475 1865 lit
497 1827 531 1864 ne
555 1808 626 1865 forte
648 1809 737 1878 aliqua
751 1809 937 1865 infidelitatem
954 1789 975 1846 B

143 1905 330 1971 inveniamus3
345 1903 407 1974 quia
420 1903 466 1972 qui
483 1904 536 1958 boe
548 1901 661 1967 faciunt,
671 1917 721 1971 pro
733 1915 827 1957 eorum
843 1902 938 1958 rolen-

142 2006 226 2053 tatem
240 1997 274 2051 ad
283 2008 365 2053 aures
377 2004 484 2051 nostras
495 1995 558 2049 talia
570 2009 650 2063 opera
661 1993 768 2050 illorum
778 2010 832 2050 non
845 2009 939 2064 perre-

141 2089 229 2144 uiant.

175 2177 223 2233 25.
238 2179 276 2234 lle
288 2178 420 2234 mendicis
432 2178 478 2248 qui
496 2193 545 2248 per
558 2178 647 2248 patria
671 2177 838 2245 discurmnt,
860 2178 939 2235 volu-

138 2285 204 2326 urus
214 2279 244 2324 ut
262 2272 450 2341 unusquisque
460 2271 579 2326 fidelium
593 2280 748 2326 nostrorum
769 2287 848 2326 suum
870 2287 937 2342 pau·

137 2376 235 2432 perere
250 2363 284 2420 de
296 2364 428 2419 beneficio
442 2371 489 2418 aut
512 2363 546 2419 de
567 2365 676 2435 pmpria
688 2363 790 2419 familia
804 2365 935 2433 nutriant,

139 2462 169 2509 et
183 2467 238 2509 non
249 2455 389 2523 permittat
405 2455 487 2510 aliubi
499 2455 574 2510 abire
593 2454 781 2519 mendicando,
796 2464 826 2511 ιιι
837 2455 884 2510 ubi
897 2463 937 2509 ta-

139 2542 180 2598 les
187 2544 292 2599 inuenti
303 2542 412 2610 locunt,
429 2544 480 2599 nisi
493 2544 618 2599 manibus
633 2545 766 2612 laborent,
782 2544 896 2601 nullus¹
911 2547 936 2602 ei

137 2636 285 2705 quiequam
305 2635 424 2690 tribuere
433 2643 597 2706 praesumat.

174 2725 220 2780 26.
231 2726 270 2781 lle
282 2727 429 2782 libemmm
441 2728 580 2782 bominum
593 2727 811 2797 possibilitatem,
823 2736 853 2784 ιιι
861 2728 937 2784 iuxta

139 2815 297 2886 qualitatem
317 2816 490 2887 proprietatis
503 2832 631 2873 exercere
648 2819 774 2873 debeant.

173 2907 220 2962 at.
236 2907 272 2964 Ut
288 2906 378 2962 nullus
400 2908 552 2964 consentiat
567 2908 624 2963 suis
648 2908 802 2964 bominibus
827 2907 937 2964 malefa-

138 2996 265 3052 ciendum
280 2997 307 3052 in
324 2998 459 3067 patriam3
481 2996 557 3053 etde
580 3012 612 3052 eo
630 2997 641 3028 ⁸
658 2998 729 3066 quod
744 2997 847 3063 dieunt,
863 2998 935 3067 quod

138 3106 192 3174 uon
204 3092 310 3162 possint
318 3093 417 3148 babere
425 3093 548 3148 homines
558 3092 593 3148 ad
602 3107 720 3147 marcam
729 3091 932 3160 defensandam,

137 3185 161 3240 si
179 3200 228 3242 eos
239 3187 310 3242 bene
322 3186 495 3258 distringant.

171 3276 218 3332 28.
231 3277 270 3332 lie
281 3279 368 3334 vassis
375 3279 520 3348 regalibus,
532 3286 562 3333 ut
571 3278 701 3334 bonorem
713 3278 841 3345 babeant,
852 3287 936 3350 etper

134 3381 167 3424 se
177 3368 212 3423 ad
223 3383 274 3425 uos
287 3378 334 3423 aut
346 3369 460 3425 adlllios
473 3379 582 3426 nostros
596 3379 678 3440 eaput
689 3379 808 3425 teneant.

125 3458 129 3465 '
170 3456 208 3514 29
227 3458 264 3516 tn
274 3473 323 3528 pro
333 3458 433 3528 placita
444 3475 498 3515 nou
513 3459 579 3514 flant
589 3460 693 3516 banniti
707 3461 785 3516 liberi
799 3460 933 3528 bomines,

133 3555 252 3616 excepto
270 3548 293 3602 si
305 3548 394 3618 aliqua
408 3549 585 3618 pmelamatio
595 3564 678 3619 super
689 3550 805 3619 aliquem
817 3552 931 3618 uenerit,

133 3649 184 3695 aut
196 3648 271 3695 certe
283 3640 306 3696 si
318 3640 447 3706 scabinis,
459 3648 506 3695 aut
514 3640 594 3697 iudex
607 3657 661 3697 non
674 3640 765 3708 fuerit,
778 3650 808 3698 ut
819 3657 869 3713 pro
882 3643 934 3699 bec

134 3731 326 3804 condempnati
337 3732 375 3788 illi
386 3748 521 3804 pauperes
538 3750 591 3792 non
606 3734 683 3790 flant.

147 3842 151 3848 '
171 3841 217 3899 50.
236 3841 323 3899 Homo
334 3843 467 3914 ingenuus
480 3846 526 3915 qni
544 3843 684 3900 multam*
708 3845 856 3917 quamlibet
879 3845 934 3903 sol-

133 3938 406 4006 uereuonpotuerit,
421 3945 447 3994 et
468 3938 491 3993 si
513 3938 699 3994 fideiussorem
722 3955 776 3994 uon
794 3940 931 4007 babuerit,

132 4025 218 4080 liceat
232 4027 257 4083 ei
271 4029 446 4097 semetipsum
459 4029 486 4082 in
501 4029 616 4085 nadiom
636 4030 660 4084 ei
679 4030 723 4086 cui
736 4030 747 4062 ⁸
760 4031 866 4086 debitor
889 4039 932 4087 est

132 4119 255 4184 mittere,
269 4122 430 4190 usquedum
454 4121 567 4175 multam
586 4137 666 4192 qnam
681 4121 692 4153 ⁰
716 4123 810 4178 debuit
824 4124 930 4192 porsol-

130 4217 190 4264 ιιι.
205 4208 235 4264 ιιι
259 4213 353 4267 eodem
367 4211 485 4282 capitulo
503 4213 535 4268 de
552 4214 654 4269 soniste
677 4213 687 4245 ¹
707 4223 753 4268 aot
776 4213 809 4268 60
831 4214 931 4272 solidos

130 4309 288 4372 componat,
308 4310 425 4358 anteum
440 4303 473 4357 le
493 4304 573 4369 iuret,
589 4311 636 4358 ant
648 4305 669 4358 si
685 4303 729 4359 ille
756 4304 801 4373 qui
818 4320 929 4361 eausam

129 4392 223 4462 querit
237 4392 272 4446 te
288 4392 427 4448 bominum
447 4404 646 4450 sacramentum
667 4395 787 4464 recipere
801 4396 926 4463 uoluerit,

128 4478 225 4537 autad
238 4499 346 4539 erucem
360 4486 453 4541 autad
472 4494 578 4541 scotum
603 4494 630 4540 et
649 4484 719 4540 fuste
751 4495 845 4541 eontra
865 4503 925 4543 eum

128 4573 293 4630 discertent.

164 4685 212 4742 5ι.
228 4686 266 4740 De
279 4688 494 4756 relinquentibus
507 4690 628 4744 seculum
641 4707 648 4755 ;
664 4705 746 4745 unum
774 4704 807 4745 cx
818 4692 927 4750 duobus

992 1284 1037 1349 rit,
1052 1294 1098 1340 aut
1112 1295 1216 1341 rectum
1233 1287 1460 1342 sieutsecnndum
1476 1285 1596 1341 animam
1611 1299 1689 1340 suam
1699 1290 1790 1354 prori-

991 1377 1072 1432 derit.
1085 1378 1153 1445 Quia
1165 1395 1218 1434 non
1235 1379 1322 1434 solum
1335 1378 1420 1436 semel
1432 1378 1480 1435 sed
1493 1377 1653 1434 multotiens
1662 1378 1790 1447 cognori-

991 1484 1061 1534 mus,
1077 1471 1122 1525 ubi
1137 1471 1205 1526 tales
1220 1485 1316 1526 causas
1336 1469 1509 1536 emerserint,
1534 1469 1663 1540 qnoniam
1689 1484 1738 1525 nee
1760 1469 1789 1523 in

991 1563 1073 1618 rebus
1092 1563 1206 1632 publicis
1232 1577 1282 1618 uec
1307 1562 1379 1618 nulla
1404 1561 1537 1617 rationem
1561 1561 1654 1631 palatii
1676 1561 1788 1631 pmloir,

991 1654 1063 1724 quod
1077 1655 1175 1711 exinde
1184 1664 1292 1712 actores
1304 1656 1391 1712 nostri
1403 1655 1538 1721 tulerunt;
1551 1664 1579 1709 ct
1591 1656 1702 1725 insuper
1713 1656 1788 1713 iore

991 1747 1082 1803 nimus
1098 1755 1125 1803 et
1136 1747 1313 1819 cognorimus
1322 1747 1422 1803 nrultos
1435 1754 1669 1814 actoresnostros,
1681 1748 1726 1818 qui
1738 1747 1790 1803 tol·

990 1839 1081 1896 lebant
1094 1839 1391 1911 singulisuudedecem
1414 1839 1525 1907 solidos,
1542 1839 1615 1896 unde
1640 1854 1698 1906 sex,
1718 1841 1789 1895 unde

989 1932 1115 2002 amplius,
1128 1927 1155 1988 el
1169 1933 1269 1988 dabant
1285 1933 1366 1988 talem
1389 1933 1505 2004 spatium
1528 1940 1610 2002 atique
1631 1931 1788 2001 tranquilla,

990 2025 1075 2081 donee
1090 2025 1149 2095 ipse
1161 2024 1207 2095 qui
1222 2025 1397 2079 homicidium
1419 2023 1554 2080 faciebant
1577 2025 1722 2080 obsecrare
1740 2038 1790 2093 po·

990 2113 1085 2170 tuisset
1098 2123 1128 2171 ut
1138 2115 1236 2170 exinde
1259 2114 1325 2169 nibil
1345 2115 1430 2170 daret.
1463 2113 1497 2168 Et
1511 2113 1533 2145 ¹¹
1547 2113 1599 2170 boc
1620 2112 1789 2182 providimus

989 2215 1119 2272 statuere,
1137 2207 1223 2261 erretis
1238 2215 1347 2261 nostrae
1360 2206 1532 2261 medietatem
1553 2194 1588 2260 de
1607 2203 1739 2270 aldiones,
1759 2213 1789 2258 et

989 2298 1056 2352 duas
1066 2306 1157 2366 partes
1165 2298 1197 2352 de
1205 2312 1298 2352 serres
1309 2296 1330 2327 ¹³
1341 2297 1411 2352 sicut
1422 2295 1639 2366 supradiximus,
1652 2294 1786 2359 babeant3

989 2387 1040 2457 ipsi
1047 2396 1173 2458 parentes
1185 2388 1329 2457 propinqui
1344 2396 1383 2453 ut,
1397 2388 1469 2442 rende
1480 2386 1581 2441 babent
1592 2384 1723 2447 dolorem,
1737 2384 1789 2438 ba·

988 2478 1070 2534 beant
1081 2479 1107 2533 in
1119 2479 1209 2549 aliquo
1221 2487 1332 2550 propter
1344 2478 1496 2535 mercedem
1509 2477 1722 2535 consolationem

1023 2591 1068 2649 el.
1093 2591 1208 2663 Propter
1229 2594 1314 2650 Deum
1338 2602 1365 2648 et
1388 2592 1575 2650 misericordia
1594 2591 1654 2648 cius
1670 2589 1787 2661 precipi-

988 2699 1049 2743 mus
1061 2693 1144 2755 atqne
1154 2686 1354 2743 constatuimus
1365 2685 1421 2742 sola
1435 2684 1546 2756 pietatis
1562 2698 1655 2750 eausa,
1671 2681 1735 2737 ntsi
1747 2680 1787 2735 al·

986 2776 1048 2833 dius
1060 2786 1154 2849 noster
1167 2777 1274 2834 occisus
1286 2775 1378 2841 fucrit,
1392 2776 1566 2832 medietatem
1578 2774 1611 2830 de
1623 2774 1709 2845 ipsam
1722 2787 1790 2828 eon·

985 2869 1148 2938 positionem
1163 2868 1241 2924 tollat
1252 2877 1329 2924 curte
1338 2877 1439 2932 nostra,
1453 2876 1480 2922 et
1499 2867 1673 2922 medietatem
1686 2880 1785 2935 paren-

986 2967 1029 3015 tes
1044 2959 1129 3028 ipsius
1152 2958 1281 3024 defuncti,
1300 2959 1323 3015 si
1342 2959 1404 3014 viro
1426 2966 1504 3027 patre
1528 2956 1653 3013 babuerit
1678 2954 1785 3010 altlioue

986 3059 1089 3115 nostro,
1105 3051 1161 3105 sire
1179 3058 1303 3114 matrem,
1325 3050 1382 3105 sive
1392 3047 1499 3112 fratres,
1514 3048 1572 3104 sire
1583 3045 1641 3102 ftlii.

901 3216 906 3236 .
948 3149 971 3212 c
1021 3140 1067 3198 55.
1090 3141 1146 3196 lloc
1166 3142 1342 3212 precipimus,
1365 3149 1395 3197 ut
1411 3139 1500 3195 nullos
1519 3144 1658 3210 presumat
1679 3150 1730 3191 nee
1751 3136 1785 3190 da

987 3246 1067 3288 seruo
1077 3248 1128 3289 nec
1141 3233 1174 3288 da
1182 3233 1289 3289 aldione
1299 3240 1393 3288 nostro
1406 3230 1508 3302 aliquid
1521 3245 1627 3297 emcre;
1654 3228 1717 3298 qula
1736 3242 1787 3297 pro

986 3325 1091 3382 mutela
1102 3334 1130 3380 et
1142 3340 1192 3395 pro
1204 3323 1302 3381 futuris
1325 3325 1493 3394 temporibus
1505 3338 1554 3394 per
1572 3337 1668 3377 omnes
1693 3328 1789 3376 curtes-

985 3425 1093 3476 nostras
1106 3420 1203 3475 breves
1216 3417 1331 3475 facimus
1340 3417 1375 3474 de
1386 3433 1480 3475 omncs
1496 3416 1649 3473 territorias
1665 3414 1698 3470 de
1712 3414 1796 3484 ipsas*

985 3517 1077 3567 curtes
1092 3510 1271 3581 pertinentes.
1287 3508 1364 3568 Unde
1376 3509 1554 3581 precipimus,
1567 3517 1597 3564 ιιι
1621 3507 1667 3577 qui
1686 3504 1785 3561 amodo

985 3602 1111 3658 inventus
1124 3601 1207 3657 fuerit
1224 3603 1257 3659 de
1275 3610 1416 3658 sormam
1434 3600 1468 3656 de
1485 3599 1594 3657 aldione
1609 3599 1632 3630 ²⁸
1644 3596 1686 3653 rel
1699 3596 1784 3652 abtim

984 3692 1018 3748 dc
1032 3701 1110 3748 curte
1120 3702 1214 3750 nostra
1227 3691 1329 3763 aliquid
1339 3705 1439 3759 emere,
1455 3691 1543 3762 ipsum
1558 3687 1674 3761 perdere
1691 3688 1783 3751 babet,

983 3783 1054 3841 sieut
1065 3786 1112 3854 qui
1123 3801 1167 3841 res
1177 3785 1280 3842 alienas
1295 3785 1367 3841 malo
1380 3785 1476 3841 ordine
1488 3783 1600 3839 invadit.
1615 3781 1648 3835 Et
1662 3781 1685 3834 si
1706 3787 1784 3834 actor

983 3875 1152 3930 consenserit
1163 3883 1211 3929 aut
1223 3872 1449 3938 consciusfoerit,
1465 3887 1508 3927 res
1521 3872 1581 3927 eius
1595 3869 1688 3925 tollere
1701 3876 1728 3922 et
1741 3867 1783 3921 in·

982 3966 1121 4036 publicare
1136 3967 1226 4022 faeiat.
1241 3966 1310 4033 Quia
1330 3966 1410 4022 debet
1424 3963 1544 4019 ¹'omnis
1556 3962 1637 4017 bomo
1657 3959 1781 4015 conside-

982 4069 1044 4111 rare
1058 4054 1079 4086 ¹⁸
1091 4065 1203 4126 propter
1214 4055 1298 4111 Deum
1309 4065 1337 4110 et
1349 4055 1467 4109 animam
1479 4069 1567 4117 suern,
1588 4050 1716 4120 quoniam
1730 4064 1781 4103 nos

982 4147 1058 4203 illum
1070 4148 1262 4215 relaxavimus,
1275 4164 1290 4203 a
1303 4146 1388 4203 livero
1403 4148 1422 4179 ¹¹
1434 4160 1607 4202 eremmanos
1618 4141 1690 4214 quod
1701 4141 1780 4196 nebia

981 4237 1010 4294 in
1023 4249 1115 4295 curtes
1130 4249 1238 4297 nostras
1259 4241 1407 4297 secuudum
1430 4238 1542 4307 antiquo
1562 4236 1652 4293 edicto
1674 4234 1780 4305 legibus

980 4329 1167 4400 pertinebant;
1179 4331 1358 4402 quoniamqui
1381 4345 1461 4384 duem
1477 4327 1562 4400 filiam
1579 4325 1739 4397 relinquebat
1757 4324 1779 4355 ¹⁸

981 4429 1087 4476 tantmn
1102 4422 1130 4476 in
1144 4421 1224 4476 tertia
1236 4437 1299 4493 pars
1312 4419 1334 4452 ι’
1352 4419 1520 4476 substantiae
1530 4417 1616 4488 patris
1629 4417 1670 4472 sui
1683 4430 1778 4471 suece-

942 4512 1068 4585 pdebat,
1083 4522 1111 4569 et
1127 4514 1231 4569 duasin
1254 4513 1363 4583 publico
1382 4513 1554 4567 revertebant
1572 4510 1606 4575 ¹⁰,
1627 4509 1649 4563 si
1668 4508 1778 4579 propin-

979 4613 1186 4674 (prosperantes
1208 4620 1261 4659 non
1274 4606 1375 4671 babet;
1394 4611 1421 4660 et
1437 4603 1461 4659 si
1490 4604 1556 4659 duas
1570 4601 1639 4657 friias
1661 4601 1779 4655 babebat

979 4696 1077 4765 aliquis
1091 4697 1276 4767 aotamplius,
1303 4698 1330 4752 in
1352 4696 1496 4751 medietate
1524 4705 1628 4750 tantum
1649 4689 1777 4749 suecede-

126 4777 241 4849 cligant,
254 4786 284 4832 ut
292 4777 407 4848 pleniter
417 4781 564 4836 secundum
581 4781 738 4836 carronieam
749 4782 760 4814 ⁸
772 4791 819 4837 aut
830 4800 927 4840 secun·
977 4789 1043 4845 bant
1055 4794 1126 4860 patri
1137 4809 1186 4849 suo
1200 4803 1227 4849 et
1237 4793 1362 4863 publicus
1376 4793 1403 4848 in
1412 4792 1511 4848 media·
1530 4791 1562 4847 Ει
1581 4803 1645 4846 ecee
1654 4802 1703 4843 nos
1716 4801 1776 4839 nro·

127 4871 194 4926 dum
211 4868 361 4938 regularem
376 4872 574 4928 institutionem
588 4873 680 4928 rirere
691 4872 817 4930 debcant.

162 4960 210 5018 32.
226 4961 265 5016 lle
277 4954 379 5018 iustitia
394 4962 571 5019 eedesiarum
585 4964 643 5029 Dei,
654 4964 804 5030 uiduarum,
817 4966 926 5024 orfano

978 4881 1012 4936 do
1025 4885 1116 4938 ornnia
1128 4882 1272 4942 dotalibus
1285 4889 1377 4943 causis
1396 4893 1508 4957 propter
1532 4884 1616 4939 licum
1634 4891 1661 4936 et
1679 4880 1702 4910 ἰ
1715 4877 1777 4936 cies

978 4971 1056 5027 miser
1064 4973 1164 5030 icordia
1177 4976 1358 5033 relaxabimus
1367 4977 1390 5008 '¹
1405 4992 1411 5030 :
1425 4974 1539 5047 proinde
1562 4969 1707 5039 uuicuique
1727 4965 1775 5019 de-

743 5103 938 5162 lelldNTES
955 5108 1156 5167 cuculorum.

163 5208 321 5268 *fidiama
368 5214 535 5270 'nullumc
585 5215 735 5271 ’etdeoe
784 5215 1078 5290 ‘multasqnalibcta
1125 5224 1223 5279 “mc
1262 5223 1504 5292 ‘multaqncmc
1542 5213 1727 5274 'clesonisre
1747 5231 1783 5267 e.¹

134 5277 419 5350 'unsarana
456 5285 588 5355 ’ipsese
627 5285 758 5356 ¹⁰prasc.
798 5287 818 5318 ¹¹
839 5287 886 5342 sit.
925 5290 1048 5348 ¹'bace
1088 5294 1231 5350 ¹⁸serros.
1252 5294 1441 5349 Sicuts.tl.lr.
1468 5291 1561 5346 irad.
1601 5285 1771 5340 “aldiber-

137 5348 275 5408 ''deestc
314 5353 457 5410 ¹⁸dcertc.
496 5357 689 5411 ¹¹aliireroc.
729 5357 750 5388 ¹⁸
765 5371 793 5425 q.
808 5373 835 5426 q.
852 5374 879 5410 u.
897 5357 916 5412 f.
930 5375 957 5413 ι.
971 5363 1104 5418 detritio
1120 5382 1143 5418 e.
1184 5365 1324 5436 ¹’prese
1364 5366 1385 5395 ¹⁰
1400 5380 1423 5417 r.
1441 5362 1557 5416 farreum
1570 5362 1597 5414 in
1610 5357 1693 5413 tercie
1708 5370 1773 5423 pars

138 5420 394 5494 snbstanrtiaepatris
407 5427 449 5482 sui
460 5427 745 5490 sacramentotenus
761 5428 903 5498 inpublico
917 5435 1088 5490 revertebant
1101 5437 1123 5490 si
1137 5453 1160 5489 c.
1198 5437 1220 5466 ‘¹
1237 5445 1264 5490 et
1282 5434 1434 5491 mercedem
1452 5433 1558 5487 atrimae
1577 5445 1659 5492 eruere,
1679 5441 1770 5496 stuprat.

141 5485 157 5514 '⁸
168 5490 307 5549 relarimns
319 5511 343 5550 c.

895 5592 1011 5652 NOTAE.

145 5736 150 5747 ,
172 5678 314 5736 'alodium
328 5682 393 5737 olim
408 5681 534 5739 dicebant
547 5683 657 5739 fundum
679 5683 796 5739 liberum
820 5684 920 5740 nullius
972 5687 1037 5744 dom
1050 5689 1286 5756 l'indociuensem,
1302 5704 1364 5761 pag.
1375 5690 1401 5745 ὅ.
1420 5688 1519 5745 llatae.

141 5744 186 5801 litii
198 5752 355 5819 obnoxium,
370 5763 400 5809 ut
417 5755 456 5808 ait
467 5754 626 5811 Sirrnorulus
640 5755 667 5809 iu
687 5755 758 5810 uotis
772 5756 806 5810 ad
828 5753 922 5812 codd

1531 5916 1565 5971 Α
