3826 6112
105 279 137 328 'il
606 277 732 335 ctuosi
752 279 880 340 lePP.
900 278 991 337 bans
1008 281 1028 337 Ι.
1048 279 1169 337 sectio
1187 279 1301 335 anina.
1698 285 1735 338 is

104 391 253 465 apostolica
273 387 433 444 auctoritate
455 385 508 442 dici
523 385 666 442 credibili
689 387 812 457 Capimla
834 387 889 449 illa.
904 388 1018 456 Acipes
1028 387 1116 442 nostri
1136 385 1330 456 capitularium
1355 399 1466 440 suornm
1489 384 1734 454 pmiisuiguiioncm

104 464 167 534 quia
192 459 338 530 Autgarius
360 456 487 511 Romame
511 455 589 510 Sedis
623 456 741 526 legatas,
768 457 889 527 Gregorii
943 469 970 511 et
985 459 1186 512 exsecutionem
1209 455 1414 510 committebant
1436 454 1571 523 episeopis
1585 466 1612 508 et
1627 458 1735 511 comiti-

103 548 180 604 papae
193 529 314 586 consiliis
325 538 351 582 et
361 525 520 580 aucmritate
538 524 632 590 fretus,
648 527 741 581 cadem
756 527 890 582 conscribi
940 527 992 581 bus
1002 543 1033 582 ac
1048 528 1138 581 missis
1150 525 1292 580 dominicis
1303 521 1523 595 (Videifarcnm,
1537 525 1582 577 lib.
1596 539 1604 578 i
1617 526 1649 579 de
1661 524 1734 581 Cosi-

104 603 193 690 jussit‚
211 608 239 653 et
248 607 341 668 postea
354 595 485 665 pmbatit.
504 593 614 659 Contra,
628 595 787 652 Benedictus
799 605 891 666 aperte
940 596 1042 661 cardiu,
1053 613 1078 651 c.
1092 597 1118 658 i,
1139 595 1203 666 ii).
1215 595 1304 662 dtque
1318 601 1348 646 ut
1360 593 1387 647 id
1398 591 1504 648 facilius
1519 594 1683 659 obtinerent,
1698 611 1736 652 ne

104 691 132 731 in
148 668 305 742 praefatione
315 680 364 720 sna
376 664 454 718 dooet
465 679 494 718 se
505 662 626 732 Capitula
640 664 703 728 illa,
726 681 786 733 qnae
800 666 827 720 iii
842 666 891 720 tri·
941 667 1003 734 quis
1011 667 1206 735 tergiversandi
1219 666 1294 719 iocus
1306 678 1366 717 csse
1386 672 1487 731 posset,
1501 664 1654 719 Lndoiicus
1668 665 1735 722 Pius

29 738 34 746 '
103 747 155 800 bns
200 737 308 793 stremis
321 732 794 802 capitulariumlibriscoastnonsur,
810 735 891 790 indi·
938 734 1020 804 jussit
1030 735 1215 790 annoBBiuti
1228 734 1422 801 archiepiscopi
1437 740 1465 787 et
1479 735 1603 799 consitas,
1614 733 1735 802 majores

103 808 265 868 versislocis
277 813 305 860 ct
318 803 443 860 scedulis.
461 802 531 856 sicut
544 803 571 855 in
592 803 705 857 diveisis
727 803 836 873 synodis
858 819 891 858 ac
941 805 1077 869 uidelicet,
1092 803 1216 874 Capituia
1227 803 1382 870 acciperent
1404 817 1420 855 a
1441 803 1604 858 cancellario
1625 806 1746 872 palatii,⁸

103 880 209 953 placitis
219 874 388 947 generalibus
401 870 473 925 edita
486 880 574 933 erant,
588 872 702 954 sparsim
721 873 829 927 inuenta
840 888 891 929 sno
941 883 969 929 ct
978 874 1029 956 ipsi
1040 890 1133 930 eorum
1154 882 1246 943 postea
1256 873 1360 941 copiam
1381 871 1501 926 facerent
1523 874 1673 929 minoribns
1691 890 1726 930 cs

103 950 178 1021 operi
199 945 462 1023 immissamque
486 941 526 995 sic
549 941 682 996 dimisisse
694 941 831 1009 quomodo
850 943 892 996 in-
941 944 1071 1001 mitibus.
1094 945 1246 1013 cpiscopis,
1268 951 1295 997 et
1315 942 1376 996 aliis
1395 942 1609 1008 magistratibus.
1632 944 1735 1014 illaqui

104 1026 223 1082 uenerat,
237 1014 265 1069 id
278 1021 329 1077 est,
342 1010 548 1092 nibiinmntasse.
569 1010 655 1076 Quod
667 1011 690 1065 si
713 1009 793 1065 fidem
807 1011 891 1066 Bene·
942 1013 1025 1084 relegi
1046 1030 1078 1069 ac
1089 1015 1231 1069 transcribi
1252 1013 1372 1067 facerent
1392 1011 1419 1064 in
1435 1012 1492 1066 suis
1506 1013 1680 1069 comitatibus
1702 1030 1734 1073 ac

104 1092 177 1146 dicto
188 1086 223 1141 de
238 1097 268 1140 se
293 1083 420 1137 scribenti
447 1079 572 1134 adhibere
594 1078 737 1144 volumus,
763 1089 794 1134 ut
818 1088 892 1135 certe
940 1085 1097 1153 provinciis.
1118 1084 1181 1139 flac
1200 1091 1262 1139 sunt
1283 1081 1365 1136 uerba
1383 1081 1482 1135 edicti:
1504 1080 1630 1136 Volumus
1653 1085 1738 1140 asinas

104 1153 253 1216 adhibenda
276 1165 388 1232 prorsus
411 1162 471 1203 esse
496 1149 619 1230 uidetur,
644 1148 814 1204 manifestum
838 1151 892 1205 erit
942 1152 1287 1224 sanpitulaquoenuncct
1301 1151 1354 1204 aiio
1367 1160 1480 1221 tempore
1497 1151 1732 1206 consuluissemu-

103 1226 262 1298 dirigarium
283 1236 338 1276 non
357 1219 470 1287 iussisse
484 1225 513 1272 nt
533 1216 655 1298 Capitale
670 1219 717 1273 illa
736 1220 891 1276 conscribe·
941 1239 1000 1277 ram
1022 1222 1139 1287 fidelium
1153 1241 1170 1276 a
1188 1223 1263 1277 nobb
1286 1221 1427 1275 constituta
1443 1229 1514 1286 sans,
1537 1237 1553 1273 a
1574 1221 1734 1278 eaiueilario

104 1306 208 1359 rentur,
229 1289 453 1362 quemadmodum
479 1286 581 1356 placuit
601 1287 748 1354 blondello,
772 1288 892 1358 adeoque
941 1300 1029 1346 nostro
1050 1293 1123 1346 arcli'
1158 1293 1234 1362 'nem
1254 1290 1509 1345 neomeniarum
1523 1290 1555 1343 ds
1568 1291 1735 1360 propriam.

123 1363 250 1421 robabilis
264 1376 317 1416 non
332 1366 374 1413 est
383 1355 537 1424 coniectura
548 1371 608 1438 quae
621 1356 656 1411 ad
666 1356 824 1428 dntgariam
847 1374 891 1414 re-
941 1361 1063 1415 citatibus
1146 1371 1225 1415 cast
1238 1376 1285 1429 per
1300 1368 1385 1413 maist
1405 1374 1452 1428 per
1473 1375 1535 1413 suas
1549 1361 1643 1414 missos
1665 1363 1735 1416 acci·

103 1384 157 1492 Fert
180 1435 261 1488 uerba
279 1427 415 1484 Benedicti
436 1425 470 1478 de
499 1424 629 1494 Capitulis
647 1427 728 1496 regiis
744 1427 891 1497 apostolica
940 1431 1024 1500 mant,
1037 1440 1061 1484 et
1078 1447 1113 1484 usi
1163 1432 1252 1500 uisque
1271 1443 1404 1498 perium
1418 1427 1547 1482 diaecesim
1567 1430 1670 1483 catena
1681 1431 1735 1500 epi·

105 1504 266 1561 auctoritate
289 1497 423 1564 armatis„
435 1493 569 1549 Praeterea
584 1495 744 1551 Benedictus
765 1498 892 1566 apostoli·
941 1501 1035 1570 scopis,
1056 1500 1142 1554 abbati
1160 1517 1201 1563 us,
1215 1499 1360 1559 comitibus,
1382 1508 1407 1551 et
1420 1497 1480 1551 aliis
1498 1498 1620 1568 fidelibus
1634 1502 1734 1555 nonna

104 1591 164 1631 cam
173 1573 245 1627 iliam
253 1566 440 1623 anctoritatem
450 1564 539 1618 verbis
549 1564 659 1618 minime
668 1566 800 1635 ambiguis
811 1567 892 1623 refert
941 1585 973 1623 ea
999 1570 1136 1623 transcribi
1162 1570 1271 1640 famant,
1297 1576 1321 1621 et
1339 1568 1366 1620 ia
1386 1567 1441 1620 sisis
1461 1568 1625 1622 cmnnatiiss
1641 1585 1732 1623 corani

104 1645 251 1712 adlegatos
264 1635 417 1707 apostoliea
429 1633 500 1688 sedis
511 1633 743 1701 qiiiintcrfiiernnt
753 1637 892 1692 conventi-
942 1639 1060 1692 ammius
1072 1636 1195 1708 relepasst,
1210 1648 1238 1690 us
1258 1637 1357 1690 eunctis
1380 1646 1468 1690 nostra
1483 1636 1614 1690 ordinatio
1634 1647 1660 1691 et
1684 1655 1731 1692 aa·

104 1715 155 1769 biis
168 1701 551 1784 publicisiiiquiliusBapitula
564 1703 608 1756 iila
620 1705 764 1758 constituta
775 1706 890 1770 suntad
906 1705 1030 1804 Blassatas
1053 1718 1114 1761 noto
1143 1708 1201 1777 peri
1221 1708 1311 1776 possit.
1332 1704 1510 1760 cancellarius
1529 1715 1616 1759 tamesi
1643 1716 1733 1762 nomer

104 1776 364 1837 isconemuiilclicet,
376 1771 509 1841 Sergium,
519 1771 673 1840 Georgium,
686 1773 763 1836 alios,
775 1790 891 1843 quoium
944 1776 1050 1829 nomina
1070 1779 1248 1846 episcoporum
1267 1785 1291 1829 et
1312 1776 1435 1828 comitum
1456 1775 1501 1844 qai
1513 1792 1544 1829 ea
1557 1778 1674 1847 accipere
1689 1794 1733 1832 cis·

104 1852 213 1906 nomina
237 1862 284 1916 per
306 1842 426 1912 singulos
448 1850 596 1895 conventus
616 1843 717 1896 inserta
740 1844 891 1899 invenerat.
943 1845 1066 1910 raoemnt,
1082 1855 1161 1910 notet,
1184 1855 1209 1898 et
1222 1861 1253 1898 ea
1278 1844 1313 1898 ad
1333 1853 1447 1898 nostram
1470 1845 1588 1898 notitiam
1604 1847 1731 1914 perferat,

104 1921 221 1975 flamme
240 1917 320 1969 trium
344 1911 493 1966 ultimorum
505 1909 625 1991 Capitale
638 1912 747 1966 istorum
767 1912 892 1967 librorum
942 1912 1068 1968 utnuifus
1081 1915 1130 1969 froc
1163 1916 1338 1968 intermittere
1349 1923 1489 1982 presumat
1501 1912 1671 2037 pCapituiarc
1685 1933 1731 1972 an.

104 1986 247 2060 apostolica
270 1992 331 2038 snm
355 1989 449 2060 cuncta
463 1988 618 2033 auctoritate
640 1980 772 2043 roborata,
794 1982 890 2050 inquit,
942 1982 1004 2047 825,
1021 1983 1111 2052 cdi).
1166 2000 1199 2039 nc
1209 1982 1428 2038 constitutionem
1451 1997 1500 2036 con
1522 1984 1618 2038 rmaiit
1643 1994 1671 2038 ct
1692 2001 1733 2040 re-

120 2060 164 2113 aia
175 2057 215 2111 fiis
226 2051 350 2108 endiadis
360 2063 474 2102 mummc
493 2046 636 2118 apostolica
657 2050 775 2119 interfuit
787 2050 891 2121 legatio.
942 2054 1050 2107 nouauit
1060 2053 1173 2109 Camlus
1183 2052 1282 2108 Calvus
1294 2066 1364 2107 anuo
1375 2051 1427 2107 855
1438 2054 1506 2120 apud
1519 2053 1666 2118 silvacum,
1679 2056 1733 2111 hoc

102 2077 176 2181 Bam
196 2140 285 2178 eorum
309 2119 426 2198 nomina,
450 2127 544 2198 praeter
563 2117 653 2198 trium,
675 2118 703 2172 id
719 2129 766 2184 est,
787 2119 890 2185 horus,
942 2123 1041 2178 modo:
1058 2122 1180 2193 capitula
1194 2133 1280 2177 assam
1304 2123 1345 2175 ani
1360 2131 1384 2176 et
1404 2122 1487 2191 patris
1508 2124 1599 2186 nostri,
1623 2140 1682 2192 quse
1704 2126 1733 2179 iss

105 2196 191 2265 Serqii
202 2203 226 2247 ct
238 2191 352 2259 Georpii,
363 2189 405 2240 inc
427 2203 478 2240 non
489 2202 657 2251 inseritimns,
669 2187 728 2242 licet
739 2206 769 2243 ea
781 2205 828 2258 per
838 2191 893 2244 sin·
941 2194 1047 2260 praescri
1064 2193 1098 2246 tis
1117 2192 1391 2255 commemoraremus,
1414 2191 1459 2262 qui
1476 2207 1509 2245 ex
1525 2193 1610 2246 missis
1634 2195 1733 2249 nonna

48 2296 52 2304 ·
104 2264 177 2335 pulos
197 2271 335 2316 conuentus
347 2259 445 2336 inserta
466 2256 660 2337 invenissemus,
682 2259 791 2312 uitantes
807 2256 893 2324 leqert·
942 2210 1151 2325 nonbassucrint,
1164 2262 1235 2315 cteis
1248 2261 1414 2329 indiqucrim,
1430 2269 1457 2313 nt
1469 2262 1607 2315 commissa
1628 2279 1674 2331 per
1684 2263 1732 2318 illa

105 2337 171 2387 tium
193 2341 268 2402 atque
282 2328 449 2382 scribentium
469 2324 690 2406 [cotidianaque
704 2342 764 2396 qnae
783 2341 798 2380 a
814 2327 893 2381 Bion·
942 2332 1071 2400 corripere
1097 2333 1206 2400 possint,
1225 2331 1291 2383 sicut
1310 2331 1337 2383 in
1356 2331 1452 2384 eisdem
1472 2327 1600 2399 Capitalis
1609 2331 1731 2400 jiibetisr,

104 2403 175 2458 dello
187 2401 312 2456 dicuntur
325 2396 359 2450 de
380 2394 539 2448 collectione
561 2392 696 2449 Benedicti
712 2397 746 2450 ab
763 2396 893 2465 dutgario
942 2399 1083 2454 descrinic
1102 2412 1189 2454 nostro
1209 2400 1248 2452 nel
1270 2416 1286 2453 n
1306 2399 1461 2454 cancellario
1478 2409 1565 2452 nostro
1589 2401 1731 2469 accipiant,

106 2472 228 2542 probata,
242 2483 273 2521 ea
287 2466 365 2521 facile
377 2471 516 2518 conmuni.
532 2463 640 2516 Putavit
653 2472 742 2518 autem
757 2465 893 2521 Antonius
942 2477 971 2521 at
983 2469 1172 2524 ranonaiiliter
1183 2468 1242 2522 ctle
1260 2467 1336 2522 aliter
1345 2479 1438 2522 cuncta
1449 2469 1518 2521 coni
1535 2480 1580 2523 ant
1594 2480 1619 2522 et
1640 2470 1733 2541 dispo·

104 2540 270 2611 Aiigusiiiiiis
303 2535 381 2617 (bib.
403 2548 423 2586 si
450 2531 482 2585 dc
505 2532 616 2614 Emend-
644 2531 823 2617 Grato'diul.
853 2535 891 2606 9)
942 2485 1377 2663 nuntgdupitssaroligaluinit.
1403 2537 1446 2602 is,
1467 2555 1491 2590 c.
1511 2486 1732 2599 forinsencus

104 2611 241 2670 Leonem,
266 2605 402 2685 Sergium,
427 2609 454 2655 ct
475 2599 633 2672 Gregonnm
660 2602 710 2672 (sic
726 2617 797 2658 enini
823 2604 893 2674 lege·
942 2623 973 2663 re
983 2622 1015 2662 eo
1034 2623 1076 2662 em
1091 2616 1211 2677 tempore
1224 2607 1261 2661 ita
1274 2607 1382 2676 scripsit
1392 2609 1426 2662 ad
1441 2607 1546 2670 missos,
1560 2617 1590 2662 ut
1602 2623 1673 2672 reor,
1686 2611 1733 2665 do·

104 2682 151 2734 liat
163 2679 200 2749 (a)
215 2678 259 2732 bic
272 2693 287 2729 a
298 2673 441 2728 Benedicta
463 2679 687 2727 commemomtos
701 2671 784 2730 fuisse
797 2673 893 2728 Boina-
942 2677 1056 2733 minicos
1068 2695 1075 2730 ε
1087 2676 1246 2731 ffundamns
1268 2687 1392 2748 preterea
1415 2685 1443 2730 ist
1464 2677 1487 2730 si
1500 2677 1621 2746 Capitulis
1640 2679 1732 2732 damni

107 2764 157 2804 nos
171 2745 322 2817 pontifices·
428 2809 463 2822 ..
522 2808 528 2820 ,
604 2809 611 2822 ι
641 2810 647 2822 Ι
747 2809 753 2823 ¹
942 2748 983 2801 aui
1002 2756 1026 2801 ct
1040 2745 1364 2818 penitorisnostriscripta
1378 2762 1430 2799 non
1446 2746 1554 2809 linietis,
1571 2747 1680 2801 mittatis
1696 2747 1733 2804 aa

141 2816 210 2872 xit.
231 2814 391 2884 Legatorum
409 2808 583 2890 nihilominus
603 2809 755 2890 istiusmodi
775 2825 891 2880 praesen·
941 2814 1069 2885 palatium
1080 2824 1207 2879 isonium,
1218 2814 1331 2869 damo're
1343 2814 1561 2885 praedecessorum
1575 2826 1731 2882 uestrarum,

106 2887 171 2941 iiain
183 2901 237 2940 non
250 2884 331 2937 fuisse
341 2894 523 2960 neeessariam·
530 2878 563 2932 ad
579 2879 772 2950 adiungendam
796 2890 891 2937 aucto-
941 2885 1050 2940 missum
1064 2894 1176 2939 uestrum
1196 2893 1219 2939 et
1233 2885 1286 2939 scri
1303 2893 1384 2937 torem
1396 2901 1455 2937 cum
1475 2900 1642 2953 nemansensi,
1657 2895 1681 2938 et
1695 2886 1732 2941 iii

105 2957 213 3010 ritatem
226 2949 469 3029 Constitutionibus
482 2946 562 3002 editis
576 2948 603 3002 in
614 2951 724 3021 synodis
734 2966 766 3006 ac
777 2965 892 3006 conven-
941 2954 1263 3024 dencstrnnrmmioipsa
1295 2952 1394 3022 ansula
1407 2953 1462 3007 acci
1484 2955 1517 3006 'at
1531 2956 1732 3024 amneeomcia'·

104 3027 177 3082 tibus
189 3022 360 3093 generalibus
374 3018 479 3087 imperii
500 3016 632 3082 francici,
648 3020 784 3088 sapienter
798 3021 891 3076 admo-
942 3023 995 3078 bat.
1007 3023 1042 3078 Et
1052 3040 1095 3078 uos
1114 3023 1208 3077 deinde
1224 3023 1366 3077 seeundum
1380 3024 1437 3093 ipsa
1477 3023 1578 3092 spitrsla
1600 3023 1648 3077 ltei
1669 3026 1732 3096 jas·

104 3107 150 3149 net
164 3095 205 3150 uir
225 3090 423 3147 illustrissimus
448 3085 542 3168 Petms
562 3085 596 3142 de
617 3087 705 3143 Barca
726 3089 794 3159 (Lib.
815 3106 842 3144 ii
857 3084 926 3151 aec
941 3093 1027 3148 titiam
1047 3091 1185 3164 populique
1207 3110 1224 3146 a
1246 3090 1390 3146 ficarolis
1416 3092 1547 3145 commissi
1570 3097 1733 3151 necessarias

104 3162 245 3226 Concord„
269 3174 328 3229 cap.
341 3157 402 3228 Bi),
420 3156 637 3236 archiepiscopus
656 3156 830 3224 Parisiensis;
845 3160 891 3230 qni
942 3162 1158 3233 proclamationes
1182 3160 1300 3231 ispalitcr
1324 3161 1461 3215 mendace
1480 3158 1568 3215 solerti
1594 3163 1618 3215 ni
1638 3162 1732 3220 'lautia

104 3244 234 3302 preterea
246 3232 371 3286 oliseriai
382 3225 548 3309 nullosalsos
564 3229 727 3297 synodomm
737 3227 891 3284 Gallicana·
942 3232 1087 3312 procuretis
1109 3230 1222 3301 (ibid,
1250 3246 1274 3285 c.
1288 3228 1353 3301 15).
1379 3229 1496 3285 linisuin
1516 3230 1587 3285 idem
1637 3232 1733 3290 aroliis

104 3298 463 3366 rumvctnstistemporibus
476 3297 630 3350 babituram
650 3312 768 3353 canones
777 3314 892 3368 praesen·
942 3309 1022 3355 istam
1040 3301 1126 3371 patris
1150 3301 1369 3356 constitutionem
1394 3300 1533 3355 renovavit
1560 3315 1631 3354 anno
1657 3302 1710 3357 adt
1722 3344 1734 3369 „

103 3373 141 3428 tia
153 3373 303 3442 legatorum
314 3368 347 3422 de
367 3365 499 3420 industria
516 3365 659 3447 missorum
674 3366 795 3422 finnatos
809 3368 893 3423 fnisse
942 3372 1084 3426 uerbume
1103 3371 1184 3426 serbo
1196 3370 1360 3431 sdescribens
1381 3368 1488 3440 (fita,
1509 3370 1551 3423 tii.
1564 3369 1608 3432 56,
1631 3387 1654 3424 e.
1671 3372 1730 3444 36).

103 3451 203 3511 praeter
219 3439 387 3516 Lipiinenses
398 3443 425 3488 et
436 3433 703 3515 ancofordienses;
716 3445 745 3490 et
767 3437 789 3491 si
811 3436 819 3490 l
853 3437 892 3491 ati
977 3439 1046 3494 xiil.
1059 3441 1096 3495 ds
1111 3454 1165 3493 non
1177 3440 1263 3496 solnm
1274 3439 1414 3508 episcopos
1426 3448 1453 3493 ct
1467 3439 1579 3494 comites
1595 3440 1732 3499 baccara

104 3509 248 3580 aliquando
260 3508 433 3585 inueniuntur
443 3503 598 3584 interfuisse
608 3504 784 3586 conuentibus
803 3520 838 3575 pu
858 3506 892 3560 li·
941 3508 1113 3578 respiciebat,
1125 3510 1172 3565 sed
1186 3509 1283 3564 missos
1294 3509 1375 3564 etiam
1387 3509 1543 3569 dominicos,
1556 3517 1586 3564 ut
1601 3510 1730 3580 uidimus,

104 3581 154 3644 cis,
169 3580 260 3634 datuni
276 3576 303 3630 id
313 3577 408 3656 honori
420 3587 513 3654 eoruin¹
533 3587 579 3654 qni
595 3574 782 3642 propteralias
795 3590 892 3630 causas
943 3579 997 3634 imo
1018 3579 1154 3648 precipue
1176 3579 1252 3643 istos,
1273 3578 1336 3648 qnia
1348 3579 1382 3633 ad
1404 3593 1496 3633 eornm
1510 3576 1627 3634 officium
1645 3583 1732 3648 pcrti-

103 3650 252 3704 aliomano
274 3643 401 3726 poptisice
420 3644 454 3698 ad
473 3657 608 3711 principes
628 3650 736 3698 nostros
756 3644 842 3708 missi,
864 3647 892 3699 in
942 3649 1022 3704 nebat
1041 3648 1165 3717 supplere
1183 3649 1373 3719 negligentiam
1388 3649 1572 3717 cpiscoporum
1593 3657 1620 3703 et
1643 3652 1732 3706 eomi-

104 3720 234 3775 mimitatn
245 3714 428 3771 consistebant
442 3727 475 3767 eo
486 3720 671 3784 temporeque
683 3722 831 3769 conventus
842 3715 892 3769 ba·
942 3727 1009 3783 tum,
1022 3733 1107 3786 eaque
1120 3720 1331 3787 emendareque
1343 3732 1481 3787 perperam
1499 3717 1597 3772 abillis
1610 3727 1671 3773 acta
1685 3737 1731 3776 cs·

104 3790 228 3845 bebatur.
254 3785 343 3853 Quare
362 3792 442 3838 caute
465 3781 606 3863 legendum
628 3798 689 3838 esse
711 3783 784 3838 addit
805 3783 892 3840 Bene·
942 3794 1002 3843 seut
1013 3787 1041 3841 in
1052 3787 1198 3857 prouinciis
1212 3788 1340 3849 aduersus
1353 3786 1426 3854 leges
1440 3786 1570 3857 pliblicas.
1584 3788 1732 3846 {astructio

104 3855 342 3916 neumnensium
362 3853 524 3934 scribentem
539 3852 735 3935 supralatione
750 3852 892 3934 adlibmm
941 3858 1004 3913 data
1020 3857 1111 3912 missis
1124 3857 1267 3913 dominicis
1288 3855 1432 3919 ennodii,
1453 3871 1513 3926 cap.
1531 3855 1576 3920 27,
1589 3857 1626 3911 ita
1645 3858 1732 3929 loqui-

103 3930 227 3999 quiutum
242 3924 681 3995 capitulanans‚uiauciornatem
692 3922 891 3988 iilisconcilict,
942 3935 1005 3982 tur:
1024 3924 1147 3980 Volumus
1161 3927 1239 3981 etiam
1258 3935 1285 3979 ut
1296 3925 1415 3980 omnibus
1438 3936 1527 3979 notum
1547 3927 1580 3979 sit
1605 3928 1667 3996 quia
1694 3930 1731 3984 ad

104 4014 136 4055 ea
161 3998 244 4052 fnisse
263 3993 378 4049 maxima
393 4001 518 4060 exparte
544 3999 645 4047 statuta
666 3992 694 4046 in
716 3992 892 4048 conventibus
941 3997 989 4050 fiae
1001 3996 1132 4050 constituti
1143 4006 1213 4060 suns,
1228 4005 1363 4065 utraque
1381 4011 1427 4065 per
1439 3992 1560 4064 capitula
1581 4007 1670 4050 noum
1683 4016 1730 4068 qe-

103 4069 202 4138 ipiilias
220 4065 301 4136 iegati
313 4062 391 4118 Sedis
410 4061 564 4132 apostolieae
584 4059 772 4127 interfuerunt,
794 4077 825 4117 ea
847 4061 894 4117 llr·
941 4064 1107 4120 neraliterde
1128 4065 1321 4136 quibuscunque
1338 4064 1424 4118 causis
1436 4065 1584 4129 statuimus,
1605 4082 1651 4135 per
1665 4069 1732 4122 mis-

103 4152 209 4193 nianses
219 4133 368 4205 apostolica
381 4132 553 4196 auctoritate,
566 4132 691 4202 huncque
705 4131 793 4187 locum
814 4131 892 4186 intel·
940 4152 983 4189 sos
1003 4144 1064 4188 nota
1073 4135 1139 4204 fans
1151 4134 1279 4200 omnibus,
1291 4144 1314 4187 es
1325 4135 1352 4187 in
1362 4148 1451 4187 eorum
1467 4136 1650 4202 procuratione
1666 4152 1733 4190 con-

104 4207 238 4276 ligendum
254 4218 314 4260 esse
334 4204 367 4256 de
388 4202 475 4257 tribus
495 4202 638 4271 postremis
653 4201 847 4270 Capitularium
859 4200 892 4255 li·
940 4206 1044 4268 sistunt,
1056 4213 1083 4257 nt
1096 4204 1128 4257 ab
1140 4203 1258 4257 omnibus
1268 4201 1470 4273 adimpleantur.
1492 4201 1526 4254 Bt
1542 4201 1586 4256 ubi
1597 4203 1664 4271 forte
1676 4205 1731 4259 ali·

103 4277 170 4339 liris,
185 4290 239 4330 uon
259 4288 322 4328 icio
343 4274 376 4327 de
396 4271 512 4327 caeteris.
525 4270 575 4326 Ubi
588 4280 679 4326 tamen
695 4271 891 4325 observandum
940 4291 991 4345 quo
1002 4272 1049 4326 tali
1060 4273 1251 4342 impedimento,
1263 4273 1332 4344 quod
1342 4287 1388 4341 per
1398 4287 1441 4325 cos
1453 4270 1586 4325 enscndari
1608 4288 1659 4325 noss
1671 4290 1732 4343 pos-

103 4340 209 4400 estnon
224 4342 522 4411 omniaquaeiutiibns
536 4340 590 4395 iltis
610 4339 688 4394 libris
708 4340 890 4403 continentur,
940 4345 984 4406 sit,
996 4342 1096 4413 aliquid
1111 4342 1142 4395 de
1166 4341 1207 4395 fiis
1226 4358 1285 4412 quie
1303 4341 1482 4395 comtitnimus
1502 4357 1533 4393 uc
1543 4339 1672 4421 jussimus
1687 4358 1731 4398 re-

104 4414 236 4470 eensenda
248 4428 308 4468 esse
318 4409 475 4466 confirmata
495 4410 657 4464 auctoritate
675 4408 832 4478 apostolica,
844 4408 892 4462 sed
907 4413 1066 4488 „manserit
1085 4411 1273 4480 imperfectum,
1287 4425 1377 4463 eorum
1396 4407 1479 4462 relatis
1490 4409 1563 4462 nodis
1578 4409 1612 4462 ad
1627 4418 1732 4481 tempus

104 4485 150 4539 illa
162 4491 267 4538 tantuin
279 4496 339 4550 qum
359 4480 548 4549 inpraesentia
570 4479 718 4548 legatorum
739 4478 811 4533 sedis
826 4492 891 4546 apo·
942 4481 1080 4544 indicetur,
1096 4489 1123 4532 ut
1144 4495 1190 4549 per
1210 4497 1257 4533 nos
1270 4480 1416 4548 conmeatus
1445 4478 1497 4531 uod
1510 4494 1556 4548 per
1575 4495 1619 4532 cos
1632 4481 1731 4550 corrigi

103 4554 206 4610 stolictc
225 4553 371 4607 constituta
392 4557 464 4613 sunt,
476 4547 640 4617 capitularia
660 4547 788 4602 nimirum
799 4545 892 4602 Carlo-
943 4551 1087 4619 nonpotui's
1111 4547 1180 4615 (Lib.
1193 4565 1213 4602 ii
1225 4547 1350 4619 capitul,
1367 4564 1390 4600 c.
1407 4494 1463 4617 iq).
1489 4546 1652 4602 constitutio
1673 4548 1729 4603 Lu-

104 4623 195 4690 nianni
209 4621 338 4692 principis
349 4627 376 4675 et
386 4618 491 4689 Pippini
504 4619 584 4688 regis,
596 4633 629 4672 ac
645 4617 760 4673 fortasse
780 4615 891 4684 Capitu-
942 4619 1029 4676 dorici
1041 4620 1080 4674 Pii
1093 4633 1100 4672 :
1114 4616 1148 4671 ils
1160 4619 1232 4672 missi
1243 4627 1266 4670 et
1280 4617 1454 4687 uniusquisque
1474 4617 1502 4670 in
1521 4632 1569 4670 suo
1583 4617 1731 4673 ministerio

104 4695 162 4748 lare
180 4691 244 4747 anisi
265 4689 317 4746 aad
337 4704 352 4744 a
372 4689 408 4743 ud
432 4688 617 4759 ingilenheim,
638 4687 710 4758 quod
724 4686 825 4741 editum
840 4684 892 4741 fuis
942 4690 997 4744 lisec
1019 4685 1140 4760 Capitale
1164 4686 1241 4756 relegi
1258 4686 1357 4756 fumant
1382 4701 1470 4738 coram
1482 4684 1597 4755 populo‚·
1616 4694 1641 4738 ct
1666 4697 1732 4742 nota

103 4765 131 4818 in
148 4767 281 4818 conuentu
292 4761 335 4815 ciii
352 4705 465 4813 Bomani
485 4756 619 4826 pontilicis
634 4757 738 4826 legatus
748 4755 889 4810 intererat.
941 4760 993 4812 sissi
1011 4758 1139 4819 omnibns,
1158 4773 1189 4810 ne
1201 4757 1295 4826 aliquis
1316 4754 1509 4808 assumtionem
1529 4754 1623 4808 iniere
1636 4757 1726 4825 possit

102 4831 267 4902 capitularia
282 4830 354 4885 enim
374 4826 544 4883 carlomanni
565 4827 704 4897 principis,
762 4825 824 4881 ibus
843 4839 891 4880 cu-
942 4825 1247 4898 Btnanpriiisiannum
1256 4825 1433 4946 emqamapu
1468 4839 1530 4876 nam
1551 4823 1664 4889 fiamine,
1679 4823 1717 4877 do

103 4903 198 4959 dendis
209 4898 330 4956 interluit
348 4907 448 4953 sanctie
460 4897 587 4954 Bomanae
596 4905 624 4952 et
634 4904 728 4967 aposto
740 4911 787 4950 ica
798 4894 891 4950 Bccle·
942 4912 988 4951 nec
1004 4896 1121 4950 omnibus
1145 4895 1200 4949 fiac
1224 4903 1285 4948 notu
1302 4893 1369 4962 fassi
1393 4894 1402 4964 f
1421 4892 1446 4945 l'
1467 4932 1486 4958 .,
1508 4892 1553 4945 tii.
1570 4906 1607 4957 iu,
1621 4907 1646 4945 c.
1671 4891 1726 4964 is).

102 4974 150 5028 sim
168 4972 273 5043 legatus
294 4968 457 5031 Bonifacius,
472 4967 691 5036 archiepiscopus
707 4964 889 5035 iloguntinus,
941 4966 1036 5021 Bistat
1048 4964 1185 5020 decadem
1196 4979 1225 5019 re
1237 4963 1288 5018 alia
1309 4977 1402 5032 regum
1425 4970 1579 5018 nostrorum
1593 4963 1730 5017 constitu·

102 5042 262 5098 confirmata
282 5040 366 5095 fuisse
377 5039 539 5093 auctoritate
553 5035 699 5106 apostolica
721 5050 792 5089 anno
813 5033 890 5088 itas
942 5036 989 5100 tio,
1003 5034 1091 5090 Caroli
1102 5033 1229 5088 nimirum
1243 5039 1290 5086 aut
1300 5030 1438 5097 Ludoiici,
1454 5033 1482 5086 in
1497 5031 1657 5087 collectione
1677 5031 1730 5087 Be-

104 5113 175 5182 Papa
189 5112 329 5173 Zacharia,
341 5110 386 5192 qui
399 5107 580 5163 illaoinnibiis
597 5105 725 5161 Ecclesiae
746 5104 794 5160 Bel
806 5103 891 5159 fideii·
941 5104 1040 5161 nedicti
1054 5103 1165 5166 Levitae,
1180 5103 1226 5159 sibi
1245 5103 1285 5158 sic
1305 5101 1425 5182 legitur:
1452 5101 1625 5172 Praecipimss
1640 5102 1729 5156 missis

104 5184 154 5236 lius
177 5181 403 5251 inrefragabiliter
432 5177 599 5234 observanda
622 5173 781 5238 constituit,
808 5173 891 5228 tradit
942 5176 1037 5229 nostris
1053 5184 1124 5228 ntea
1137 5171 1388 5244 queamnltispum
1409 5171 1543 5242 amsisper
1563 5168 1729 5240 capitularia

104 5253 178 5308 isaac
198 5253 339 5322 episeopus
359 5248 536 5318 lingonensis
550 5247 578 5301 in
598 5244 755 5316 prefatione
766 5258 822 5298 suaa
837 5242 891 5298 col·
941 5255 1030 5298 nostra
1042 5243 1069 5297 in
1080 5251 1133 5297 tata
1151 5258 1228 5313 reque
1246 5239 1523 5295 nostromandasimus
1541 5255 1628 5309 apere,
1643 5239 1729 5295 disce·

104 5323 240 5378 lectionis.
941 5329 984 5378 re,
996 5312 1139 5375 obseruare,
1162 5309 1200 5364 nel
1221 5311 1249 5364 in
1264 5309 1475 5362 consuetudinem
1490 5309 1584 5363 fialam
1606 5307 1728 5374 debeam.

137 5391 195 5447 XV.
217 5389 446 5458 Quemadmodum
467 5394 557 5442 aulem
578 5385 753 5466 imperatofes
777 5381 890 5436 Romani
941 5377 1359 5459 utfsoecomnianunedilipemcr
1378 5377 1557 5450 inquirant,et
1576 5378 1729 5433 omsnnoad

103 5461 253 5529 antiquitus
272 5460 403 5529 rescripta
417 5460 474 5514 sivc
487 5456 695 5512 constitutiones
713 5466 776 5508 urias
798 5450 890 5505 mitte·
940 5451 1072 5505 seminum
1083 5448 1131 5501 liei
1141 5447 1210 5502 etad
1222 5445 1359 5501 utilitatem
1371 5457 1487 5503 nostram
1503 5445 1541 5501 uel
1562 5445 1597 5499 ad
1609 5447 1730 5501 omnium

104 5532 169 5588 bani
179 5532 212 5584 ad
226 5530 369 5599 prefectos
389 5527 523 5596 pretorio,
537 5534 566 5580 iit
577 5539 670 5580 comm
681 5537 746 5578 cura
760 5533 890 5591 pmpone⁴
941 5518 1148 5574 cisinianorum
1160 5517 1293 5571 hominnm
1303 5517 1447 5587 profectum
1457 5518 1580 5570 innovare
1594 5515 1728 5580 studeant,

52 5607 199 5720 hrenum
209 5600 316 5669 populis
327 5607 354 5653 ct
364 5597 529 5653 exsecutioni
541 5595 742 5655 mandarentur,
756 5590 794 5643 ita
814 5589 890 5658 prin·
940 5598 965 5642 et
982 5596 1108 5659 quantum
1125 5584 1236 5641 Domino
1248 5586 1361 5641 donante
1374 5585 1523 5656 praevalent,
1537 5584 1572 5639 ad
1584 5585 1728 5658 perfectum

139 5713 179 5789 la)
191 5711 237 5770 Slc
254 5711 335 5770 ctiam
360 5710 424 5778 legit
442 5708 572 5764 Baronins
591 5706 698 5761 adann.
710 5698 806 5774 Blilct
825 5696 888 5754 sti.
