3826 6112
141 315 195 369 693
427 306 541 362 tubex
560 304 817 367 btttottaTtuds.
835 335 870 344 -
888 306 1117 362 earttottttta
1142 305 1275 362 SPtttttt.
1291 335 1325 346 -
1338 304 1388 360 lin.
1409 304 1470 361 826.
1704 306 1756 367 itii

138 436 250 492 scopum
274 419 425 475 consecrari
443 418 552 471 ostroino
574 425 691 485 oportet,
719 416 920 471 desiderabilem
936 417 1161 488 Aciesiadignus
1182 432 1236 472 non
1257 417 1425 482 inveniatur,
1443 425 1507 472 tutte
1529 421 1598 472 alter
1618 419 1652 472 de
1673 419 1757 474 altera

138 493 201 548 bimi
218 488 317 559 operis,
336 486 613 555 inreprehensibilem,
634 495 661 540 et
675 484 784 554 reiitptis
797 487 922 540 omnilnts
972 487 1086 557 eligatur
1107 487 1230 542 ecclesia.
1255 486 1402 555 Tamquam
1425 487 1465 540 ris
1482 487 1630 546 necessitas
1651 490 1758 545 eveniat

139 558 352 631 apparitionibus
364 571 432 625 quac
445 563 583 618 emuntur,
601 566 630 609 ut
643 555 792 610 doctrinam
808 555 855 609 llei
875 569 924 609 no·
973 556 1102 611 invidiose
1114 555 1187 611 nullo
1200 556 1279 610 modo
1292 563 1465 610 consecretur
1478 556 1589 611 inritus.

139 631 189 686 stri
203 635 282 690 ontet
295 625 322 679 in
334 626 468 691 omnibus,
482 640 517 678 ne
535 634 565 678 ut
577 623 824 693 inpastoraliiibro
837 623 923 680 eonti-
1007 624 1034 679 6.
1054 624 1090 680 lit
1113 625 1225 695 episcopi
1250 633 1322 678 entre
1343 626 1475 695 propriam
1498 624 1678 694 parroechiam
1705 642 1759 682 non

139 710 229 761 netur,
238 695 462 752 contradicendas
470 693 632 748 inveniatur.
645 693 686 748 tto
693 692 828 761 imperitis
840 693 922 757 enim,
973 705 1114 749 morentur.
1136 694 1259 763 Episcopi
1276 695 1348 748 enim
1375 694 1409 749 ad
1427 694 1558 748 culturam
1581 695 1697 765 propriis
1715 711 1759 751 ec·

140 764 385 839 inquitpastorale,
406 765 588 832 magisterium
604 778 656 832 qua
671 763 823 821 temeritate
843 762 924 817 susci·
973 764 1063 818 clesiis
1083 765 1173 833 sepius
1193 764 1291 818 debent
1303 763 1406 827 adesse,
1420 765 1481 832 quia
1501 765 1622 818 absentia
1640 765 1758 835 episcopi

138 838 223 920 pitter,
235 834 343 904 quando
354 841 451 887 arscst
470 833 568 887 artium
582 833 702 903 regimen
717 832 886 886 animarum?
897 840 925 886 et
972 833 1131 904 plerumque
1145 833 1177 887 ut
1199 832 1338 888 calamitas
1360 834 1454 902 piebis.
1470 833 1585 903 ideoque
1600 833 1760 890 Sardicettse
1831 892 1832 895 ,

138 917 237 963 ιιιτιιιιι
249 923 256 957 :
268 904 318 958 lile
329 904 419 974 igitur,
433 902 477 956 illc
492 901 578 957 modis
592 902 716 956 omnibus
727 900 761 956 ad
773 901 923 970 exemplum
973 903 1133 959 atlrnoncnte
1151 902 1274 964 concilio,
1297 901 1368 957 ultra
1381 902 1462 956 trium
1483 903 1685 959 ebiomatarum
1700 917 1761 973 spa·

137 975 245 1031 venditi
259 973 395 1044 pertrahi,
411 972 457 1042 qui
470 972 574 1028 connis
586 971 675 1027 carnis
687 971 856 1041 passionibus
868 985 925 1025 mo
973 971 1040 1026 tium
1053 973 1168 1042 propriis
1182 973 1304 1028 ccelesiis
1319 987 1372 1026 non
1385 979 1534 1037 morentur,
1554 972 1607 1027 nisi
1620 970 1691 1028 irtrte
1712 988 1761 1042 por

137 1045 270 1102 riensiant
276 1041 433 1112 spiritaliter
443 1042 517 1103 sirit,
524 1042 570 1111 qni
576 1055 702 1111 prospera
713 1039 804 1095 mundi
816 1049 925 1108 postpo-
973 1042 1118 1097 iussionem
1134 1042 1333 1112 metropolitani
1351 1042 1392 1097 rel
1406 1042 1545 1124 principis,
1560 1042 1583 1096 si
1596 1058 1630 1096 ex
1645 1043 1760 1099 necessi·

137 1115 200 1178 snit,
207 1113 255 1184 qui
261 1113 332 1167 nulia
341 1113 452 1166 adversa
464 1110 637 1181 pertimescit,
646 1111 691 1180 qui
703 1109 758 1165 sois
768 1109 924 1164 intemade
974 1120 1030 1166 tate
1045 1112 1200 1181 contingam
1216 1111 1345 1182 qnoniam
1359 1113 1464 1182 longius
1477 1112 1529 1166 nisi
1544 1126 1595 1180 per
1615 1112 1760 1167 auctorita·

137 1185 247 1247 sidet-at,
264 1182 341 1237 cuius
353 1182 493 1237 intentioni
504 1181 572 1237 bene
588 1194 738 1251 congruens
754 1194 803 1234 nec
814 1180 924 1235 omuino
974 1190 1028 1234 tem
1042 1181 1199 1236 canonicam
1212 1179 1346 1249 proticisci
1368 1181 1456 1251 neque
1476 1180 1589 1236 subiecti
1603 1183 1759 1238 sacerdotes

137 1268 185 1324 per
195 1251 398 1308 inbecilitatem
411 1264 518 1320 corpus,
532 1266 582 1306 nec
591 1251 667 1305 valde
677 1264 726 1320 per
735 1246 923 1304 contumeliam
973 1251 1081 1304 debent.

137 1338 185 1407 rep
241 1330 278 1378 et.
286 1320 337 1387 Qui
347 1320 381 1376 ad
390 1320 612 1390 alienacupiendo
623 1334 676 1374 non
683 1318 853 1383 ducitur,sed
863 1331 925 1387 pro-
1009 1319 1035 1373 l.
1056 1307 1091 1374 tu
1104 1319 1190 1374 cleriei
1201 1321 1341 1374 ruminare
1352 1320 1472 1374 debeant.
1485 1319 1642 1375 Necessaria
1658 1321 1760 1375 etenim

137 1337 332 1462 pmuis'rgttnr,
343 1390 389 1460 qtti
402 1400 451 1459 per
460 1390 569 1460 pietatis
581 1389 684 1443 viscera
695 1388 775 1444 eitius
787 1389 820 1442 ad
833 1388 924 1456 ignos-
973 1404 1017 1443 res
1029 1391 1130 1454 existit,
1155 1398 1185 1444 ut
1199 1390 1272 1444 iuxta
1296 1389 1437 1444 ecclesiam
1452 1391 1571 1445 clanstro
1592 1391 1761 1446 emistitumt-

137 1462 253 1517 cendum
267 1457 393 1522 flectitur,
408 1462 455 1515 scd
476 1473 624 1528 numquam
635 1458 695 1526 plus
711 1472 792 1527 quam
805 1457 899 1511 deceat
914 1456 922 1487 ¹
973 1467 1026 1523 tor,
1044 1461 1180 1530 inquibus
1202 1459 1292 1514 clerici
1308 1459 1456 1528 disciplinis
1467 1460 1641 1515 eclesiasticis
1652 1469 1758 1514 vacent.

137 1533 281 1602 ignoscens
292 1529 327 1584 ab
342 1542 405 1584 arce
425 1528 594 1584 rectitudinis
608 1526 761 1582 inclinatur.
777 1525 827 1592 Qui
851 1525 924 1582 nulla
972 1529 1065 1599 ltaque
1088 1530 1213 1584 nanninus
1236 1544 1317 1582 unum
1330 1530 1366 1583 sit
1386 1529 1557 1584 relectorium
1578 1545 1610 1584 ac
1630 1531 1761 1584 dormito·

138 1600 242 1656 inlicita
348 1605 399 1663 rat,
413 1599 460 1653 sed
475 1604 628 1667 perpetrata
643 1597 677 1650 ab
690 1597 750 1650 aliis
766 1607 796 1651 ιιι
816 1597 924 1667 propria
973 1599 1053 1664 rium,
1069 1614 1116 1653 scu
1138 1607 1246 1654 ceterae
1259 1597 1381 1652 officinae
1403 1599 1437 1652 ad
1458 1615 1522 1654 usus
1536 1600 1696 1654 clericorum
1712 1616 1761 1654 ne¹

138 1669 270 1739 deplorat.
316 1668 399 1724 uiex
423 1667 521 1723 eliceto
544 1666 633 1721 corda
653 1665 756 1721 alienae
774 1665 924 1722 infirmitati
973 1669 1117 1724 senariae.
1132 1667 1245 1722 llinistri
1261 1682 1326 1721 vcro
1341 1669 1568 1737 postepiscopum
1648 1683 1706 1722 rea
1718 1677 1760 1722 ta-

137 1738 312 1809 compatitur,
333 1737 425 1807 sicque
442 1737 469 1792 in
494 1736 573 1792 bonis
595 1736 711 1805 proximi
729 1737 798 1791 sicut
818 1735 846 1789 in
867 1736 923 1790 suis
973 1737 1012 1792 les
1025 1736 1167 1808 eligantur,
1181 1752 1293 1806 quorum
1308 1737 1361 1791 vita
1374 1745 1455 1806 atque
1468 1739 1590 1793 doctrina
1601 1738 1609 1790 i
1621 1738 1763 1807 tospotius

137 1807 310 1890 provectibus
325 1807 453 1872 laetatum
472 1806 519 1875 qui
540 1806 578 1859 ita
598 1819 628 1860 se
650 1805 808 1861 imitabilem
826 1807 924 1861 esuris
974 1808 1126 1862 erbornent
1140 1821 1221 1878 quant
1235 1805 1420 1860 dehonestent.

137 1894 167 1932 tn
182 1876 287 1933 cnncsm
300 1891 369 1944 quae
393 1873 448 1945 agit
471 1875 599 1939 insinuat,
619 1889 651 1928 ne
673 1875 744 1929 inter
756 1888 802 1929 cos
825 1873 925 1929 babeat
1007 1877 1034 1931 8.
1052 1875 1091 1929 lie
1102 1875 1279 1931 sacerdotibus
1293 1876 1324 1929 is
1337 1877 1458 1931 ιιιιιιιιιι
1473 1875 1670 1946 baptimalibus
1699 1875 1762 1931 lebi-

137 1947 211 2018 quod
231 1945 321 2001 saltim
332 1946 365 2001 de
381 1945 524 2001 transactis
535 1945 686 1999 erubescat.
707 1943 758 2010 Qui
774 1945 813 1999 sic
834 1944 924 1999 sntdet
972 1945 1228 2000 bueonstr'tuendit.
1245 1945 1368 2014 Episcopi
1382 1945 1409 1999 in
1424 1946 1628 2015 baptismalibus
1639 1893 1761 2014 ptuitbus

137 2018 240 2080 risere,
267 2022 295 2069 ιι
314 2015 499 2084 proximorum
525 2029 632 2083 quoquc
657 2013 761 2068 arentia
787 2013 924 2069 doctrinae
973 2024 1003 2070 ιιι
1018 2023 1101 2069 testes
1122 2013 1242 2084 propriis
1261 2014 1510 2088 diligentcrcuram
1528 2015 1628 2070 babere
1651 2015 1760 2080 debent,

137 2084 248 2141 fluentis
273 2084 360 2140 ualeat
374 2085 503 2154 inrigare,
521 2084 567 2153 qui
590 2082 721 2138 orationis
744 2098 795 2138 usu
818 2083 924 2151 experi-
971 2093 1000 2138 et
1014 2098 1076 2139 cum
1090 2086 1131 2139 eis
1150 2085 1325 2154 presbyteros
1348 2085 1496 2154 sunamites
1514 2085 1665 2139 occurrerit
1689 2085 1762 2139 ordi-

136 2162 232 2210 meuto
258 2155 312 2210 ιιιιι
335 2154 436 2220 didicit,
460 2154 531 2223 quod
549 2152 671 2208 obtinere
689 2168 705 2205 a
726 2152 834 2207 domino
855 2153 924 2221 quae
973 2154 1063 2217 nandi,
1078 2166 1108 2209 ut
1122 2154 1289 2209 reverentius
1302 2155 1488 2218 observentur,
1509 2154 1635 2209 contenit
1649 2154 1761 2208 enimin

137 2224 292 2294 poposcerit
308 2224 402 2292 possit,
416 2223 458 2279 cui
471 2221 582 2277 allectus
595 2235 688 2276 rocem
702 2222 755 2275 iam
776 2222 852 2290 quasi
864 2235 924 2290 spe-
972 2224 1013 2278 eis
1026 2224 1124 2278 ibidem
1139 2223 1317 2279 habitantium
1338 2224 1390 2278 sibi
1404 2224 1532 2280 adbibere
1547 2237 1720 2278 consensum.

137 2293 245 2355 cialiter
258 2294 365 2348 dicitur.
381 2293 475 2348 Adhuc
488 2292 614 2362 loquente
628 2300 654 2346 te
673 2291 781 2347 dicam:
798 2289 867 2346 Eece
879 2290 924 2346 ad
1007 2293 1033 2348 9.
1053 2291 1088 2347 llt
1112 2292 1201 2349 clerici
1224 2309 1275 2347 non
1296 2294 1434 2363 plusquam
1456 2295 1570 2364 sufficere
1596 2293 1759 2347 ordinentur.

137 2377 211 2418 sum.
226 2360 339 2432 ideoque
354 2362 446 2416 talium
461 2360 629 2416 rcromtales
650 2376 710 2416 esse
732 2369 847 2430 oportet,
870 2375 924 2416 non
972 2360 1127 2432 ltaquccon
1160 2363 1273 2432 agundis
1286 2363 1391 2418 clericis
1413 2364 1509 2418 modus
1531 2363 1701 2418 discretionis
1719 2372 1760 2416 tc-

139 2431 242 2486 indocti
265 2447 299 2487 ne
311 2430 400 2500 aliqua
424 2431 606 2501 oportunitate
628 2438 721 2498 turpes
742 2431 922 2495 inveniantur,
973 2441 1079 2487 matur.
1095 2433 1125 2488 ι’
1173 2433 1226 2487 ιιιι
1239 2447 1273 2487 ne
1286 2433 1631 2502 plusadmittanturqnam
1645 2430 1760 2488 facultas

138 2501 210 2556 sicut
221 2500 250 2555 in
260 2500 354 2555 eodem
367 2500 435 2556 libro
449 2501 571 2555 babetur.
585 2497 652 2565 Quia
664 2514 724 2554 cum
740 2499 859 2569 spiritale
878 2500 924 2555 ali·
973 2516 1063 2557 rerunt
1075 2503 1116 2557 eis
1129 2502 1259 2557 canonice
1272 2503 1401 2556 attribue
1416 2502 1539 2557 suficere
1551 2502 1646 2571 possit.

138 2570 206 2640 quid
234 2584 251 2624 a
275 2570 389 2627 subditis
419 2578 511 2652 pastor
532 2568 694 2638 inquiritur,
718 2569 923 2638 ignominiosum
1008 2570 1053 2625 lb.
1075 2571 1115 2626 lic
1128 2571 1362 2643 amadatilssqss'
1376 2573 1402 2625 ιιι
1418 2570 1582 2626 mississet
1598 2574 1762 2628 materiis

138 2638 218 2694 valde
230 2647 280 2704 est,
296 2639 319 2694 si
337 2648 402 2694 tunc
421 2639 531 2708 incipiat
548 2645 662 2708 querere
674 2637 717 2693 rel
728 2639 841 2705 discere,
862 2653 924 2695 curn
972 2657 1025 2694 non
1036 2640 1164 2696 habitunt.
1177 2640 1337 2696 Sacerdotes
1349 2656 1411 2696 nam
1450 2641 1669 2696 cconstitulnon
1683 2656 1762 2711 opor-

137 2709 308 2780 questionem
328 2708 406 2763 debet
419 2709 545 2763 enodare.
972 2717 1013 2764 tet
1027 2710 1078 2763 nisi
1094 2711 1123 2764 in
1133 2710 1247 2765 ιιιιιιιιι
1263 2720 1313 2765 aut
1331 2711 1441 2779 speciei
1457 2711 1761 2780 monasteriodcputen-

175 2777 203 2831 2.
223 2775 258 2832 tlt
269 2777 355 2832 nuilus
369 2779 501 2848 cpiscmm
512 2777 630 2848 aliusque
640 2777 761 2833 sacerdos
774 2777 924 2832 monentur
974 2786 1027 2842 tur,
1043 2795 1076 2833 ne
1088 2780 1235 2835 necessitas
1248 2780 1277 2833 in
1289 2781 1473 2835 macularibus
1484 2781 1607 2834 denibus
1621 2779 1673 2835 illis
1686 2782 1762 2836 babi·

138 2847 284 2901 ordinetur.
301 2846 402 2903 Carere
423 2846 514 2916 itaque
525 2855 631 2915 oportet
650 2861 869 2916 unumquemque
881 2862 926 2902 sa-
975 2849 1055 2902 taudo
1067 2857 1208 2912 occurram
1223 2849 1342 2918 alioquin
1359 2864 1374 2902 a
1394 2850 1514 2931 propriis
1528 2850 1661 2918 episcopis
1672 2858 1719 2905 aut
1734 2852 1762 2905 in

137 2915 286 2978 ecrmten
303 2931 339 2970 ne
358 2917 469 2985 premiis
494 2917 618 2971 videatur
635 2917 796 2979 consecrari,
819 2927 848 2971 ut
870 2932 923 2971 non
974 2918 1109 2986 episcopia
1136 2927 1182 2972 aut
1205 2919 1231 2972 in
1256 2926 1418 2972 ntonasterta
1443 2918 1580 2973 babitandi
1597 2927 1626 2973 et
1649 2933 1761 2974 cenver-

137 2984 262 3055 ercnaplo
277 2983 394 3040 Simonis
415 2986 486 3055 magi
511 2986 538 3039 in
562 2984 812 3041 condemnationem
837 2996 864 3040 ct
887 2986 924 3040 la·
974 2988 1049 3041 sandi
1061 3001 1112 3055 pro
1131 2988 1280 3042 exercendo
1295 2987 1382 3043 officio
1395 2989 1601 3043 summantur.
1622 2988 1651 3042 ln
1663 2990 1761 3059 quibus

157 3070 238 3109 neum
252 3053 352 3110 incidat
365 3054 480 3119 diaboli;
494 3056 556 3124 qnia
570 3063 624 3109 tant
638 3053 726 3110 lactus
738 3069 820 3125 quam
841 3056 922 3111 eriam
975 3056 1047 3111 enim
1060 3057 1187 3111 mulieres
1199 3057 1270 3111 nulla
1283 3058 1437 3112 conversari
1451 3057 1556 3112 ratione
1568 3059 1710 3126 permittit.

164 3124 350 3179 eiensltonore
360 3125 409 3179 ade
427 3124 447 3178 ti
459 3125 555 3179 debent
568 3137 628 3179 esse
640 3125 844 3187 condemnandi,
853 3126 923 3180 sicut
937 3095 959 3157 C
1011 3127 1056 3179 ll,
1075 3123 1098 3178 ll
1101 3135 1110 3179 ι
1120 3127 1241 3181 snoerdos
1258 3144 1310 3181 non
1321 3127 1409 3198 siquo
1419 3127 1482 3181 ludo
1494 3125 1646 3180 ιιιιιιιιιιιι.
1662 3128 1761 3183 Sacer·

137 3194 165 3247 in
187 3192 379 3249 Calcidoncnse
417 3193 557 3264 ‘orumqne
573 3200 680 3263 patrum
696 3195 811 3249 babetur
832 3196 922 3249 conci·
975 3194 1024 3249 dos
1037 3195 1108 3249 enim
1129 3196 1221 3250 sedule
1235 3197 1324 3250 divina
1339 3196 1418 3251 debet
1438 3196 1600 3266 persenstari
1620 3205 1649 3251 et
1667 3199 1761 3252 adno-

137 3262 183 3324 lio,
201 3263 264 3332 quia
281 3263 328 3333 qui
345 3264 501 3318 muneribus
515 3264 663 3329 ordimtur,
683 3279 736 3318 non
758 3265 866 3318 animae
877 3265 923 3319 de
974 3279 1039 3319 stete
1050 3264 1166 3334 eloquia,
1181 3273 1211 3319 ut
1223 3266 1376 3320 inveniatur
1389 3267 1486 3321 beatus
1505 3265 1538 3320 do
1556 3281 1609 3334 quo
1623 3267 1761 3335 psalnista

137 3341 244 3386 certare
255 3332 330 3402 cupit
342 3333 500 3399 remedium,
514 3334 564 3389 setl
575 3348 659 3388 ranae
671 3333 772 3404 gloriae
793 3349 923 3390 venerare
974 3335 1013 3388 ait
1026 3349 1033 3388 :
1048 3342 1076 3389 et
1088 3335 1116 3389 in
1129 3335 1187 3405 icqe
1201 3335 1259 3390 eius
1272 3335 1445 3390 meditabitur
1458 3336 1502 3390 die
1515 3349 1547 3389 ac
1560 3345 1648 3390 nocte
1662 3336 1762 3403 Quam-

138 3401 255 3455 lncmm.
973 3405 1066 3459 obrem
1090 3405 1152 3458 ludo
1175 3404 1265 3474 aliquo
1289 3419 1380 3459 coram
1403 3420 1433 3460 sc
1448 3404 1506 3459 lieri
1531 3420 1587 3458 non
1601 3405 1758 3461 delectetur.

171 3471 199 3524 3.
220 3468 340 3535 Qualiter
349 3472 496 3542 epicopum
513 3471 604 3526 doecre
617 3480 642 3525 et
658 3475 797 3529 connitere
812 3482 920 3542 oportet.
974 3473 1168 3544 Transgressor
1177 3475 1274 3544 quippe
1287 3474 1425 3540 inventus,
1436 3475 1473 3529 ad
1483 3474 1693 3530 ammonitionem
1704 3478 1761 3546 cpi»

136 3537 301 3608 Episcopum
317 3554 382 3595 vero
405 3540 476 3594 bono
488 3555 568 3611 opere
590 3542 738 3598 consistere
749 3551 870 3613 oportet,
893 3553 923 3596 ut
974 3543 1047 3611 scopi
1070 3543 1183 3599 ulterim
1203 3559 1283 3615 agere
1304 3544 1409 3600 &unat
1436 3552 1483 3598 ast
1505 3544 1515 3576 ⁸
1536 3545 1665 3599 monice
1689 3545 1759 3601 iudi-

136 3624 191 3663 nou
213 3609 301 3663 solum
314 3608 393 3664 iactis
414 3612 623 3678 congruentibus
635 3610 732 3678 luceat,
746 3614 794 3668 scd
805 3612 922 3681 optimus
973 3623 1060 3668 cetur.

136 3678 290 3747 specrrlator
301 3680 412 3744 existat,
429 3680 544 3749 qualiter
556 3681 669 3751 populus
681 3685 791 3738 uerbum
803 3682 922 3751 predica·
1012 3683 1052 3736 li.
1067 3681 1252 3738 Ursarerdoter
1262 3681 1389 3751 paratu
1397 3693 1442 3738 ιιιιι
1451 3685 1699 3738 ιιιιιιιιιιιιιιιιιιιιιιι
1708 3699 1760 3738 non

136 3749 220 3803 tionis
236 3757 346 3804 ostenso
403 3765 447 3804 ere
471 3750 531 3804 sine
549 3752 631 3806 dubio
651 3753 821 3807 observando
835 3760 923 3806 atten-
972 3762 1116 3808 exerceant.
1136 3752 1296 3807 Sacerdotes
1315 3751 1350 3805 lta
1388 3755 1467 3822 equi
1483 3753 1617 3808 addcbita
1636 3764 1665 3808 ct
1679 3768 1761 3822 epor-

136 3818 191 3898 dat,
205 3764 400 3874 ιιιιιιιιιιιιοίὲιΡ
424 3820 499 3889 „orie
511 3835 578 3890 papa
590 3821 711 3879 dtoente
727 3824 778 3877 Pro
792 3822 926 3891 qualitate
974 3830 1040 3876 tuna
1055 3820 1142 3877 ollicia
1157 3822 1280 3877 ecclesiis
1296 3767 1481 3877 indignanter
1494 3822 1587 3877 adesse
1601 3823 1709 3884 debean
1723 3821 1762 3876 le-

136 3895 219 3955 agitur
230 3888 395 3943 audientium
409 3886 520 3944 lonnan'
533 3892 612 3945 debet
624 3907 713 3949 sermo
726 3893 875 3954 doctorum,
893 3900 923 3945 ut
973 3906 1039 3945 rtore
1063 3891 1152 3962 aliquo
1175 3898 1222 3944 aiat
1243 3891 1384 3945 venatione
1408 3892 1450 3945 rel
1470 3891 1560 3959 aliqua
1584 3892 1762 3960 ocupatione

135 3964 164 4009 ct
174 3971 223 4011 sua
236 3956 496 4026 uufflliseonqruat,
510 3968 538 4014 et
555 3969 672 4017 umens
690 3962 840 4018 communis
850 3962 922 4016 acdi-
973 3961 1128 4029 rusticoque
1140 3960 1291 4014 ministerio
1302 3961 1413 4015 omnino
1433 3975 1485 4013 non
1499 3967 1674 4028 occupentur,
1699 3961 1760 4028 quia

136 4024 271 4082 licationis
283 4036 342 4081 arte
355 4043 501 4097 numquam
519 4029 637 4086 recedat.
972 4030 1031 4084 sirac
1042 4038 1138 4084 ursata
1150 4028 1392 4083 mcerdomliextra
1404 4030 1498 4083 domos
1508 4044 1554 4082 cos
1566 4043 1695 4097 apparere
1706 4045 1758 4082 non

170 4094 198 4148 l.
217 4094 257 4149 tte
270 4096 383 4151 indoctis
393 4099 579 4153 smerdotiiss.
592 4099 760 4170 Quamquam
772 4101 805 4153 ad
820 4101 921 4155 monita
973 4100 1107 4154 marcuit
1122 4098 1161 4152 lic
1175 4107 1206 4151 ut
1228 4098 1310 4166 aliqui
1332 4098 1512 4152 saecularium
1525 4098 1632 4152 iniuriis
1651 4099 1760 4167 quoiam

136 4161 279 4219 ιιοιιοιιιιι
307 4175 335 4221 ιι
360 4175 461 4222 statuta
491 4178 598 4237 patrum
623 4172 777 4226 sacerdotes
801 4170 925 4224 indoctos
973 4177 1027 4232 tur,
1044 4169 1138 4223 scdca
1163 4167 1330 4221 solummodo
1345 4181 1414 4236 quac
1433 4183 1482 4235 per
1503 4175 1611 4249 patrum
1634 4167 1759 4222 instituta

136 4235 262 4301 probibet
272 4237 435 4300 consecrari,
448 4239 572 4307 oportuni
586 4241 714 4310 temporis
729 4240 920 4303 moderatione,
972 4238 1098 4291 ridentur
1113 4238 1269 4292 observent.
1282 4236 1443 4291 contrarius
1453 4236 1702 4306 deniqneinrenun
1713 4245 1760 4290 aut

136 4304 160 4357 si
181 4304 324 4373 episeopus
346 4306 499 4361 inveniatur
521 4307 658 4374 indoctas,
679 4325 694 4363 a
716 4308 923 4377 metropolitano
973 4307 1099 4375 deinceps
1111 4305 1224 4369 desinat,
1241 4315 1288 4360 aut
1300 4306 1430 4361 cumniee
1444 4305 1759 4374 subiaceatdisciplinac.

136 4373 256 4441 proprio,
282 4383 310 4429 et
323 4374 448 4444 deinceps
462 4377 630 4444 sacerdotes,
646 4380 674 4434 id
688 4387 730 4433 est
750 4378 919 4459 presbytcri,
1008 4377 1052 4430 tt.
1073 4375 1235 4430 Sisncerdns
1248 4377 1423 4429 teninaniam
1435 4375 1516 4430 dunt.
1533 4375 1704 4444 eampum
1716 4390 1760 4430 sa-

135 4441 254 4506 diaconi,
267 4444 308 4497 vel
320 4445 403 4498 etiam
414 4446 580 4509 subdiaconi,
594 4463 667 4504 asuo
677 4448 787 4517 proprio
797 4461 923 4516 episcopo
937 4444 1110 4509 Deerdotum
1131 4445 1314 4500 testimouium
1333 4446 1487 4500 credibilius
1511 4447 1655 4510 habeatur,
1667 4452 1758 4500 tanten

136 4519 167 4564 ut
180 4511 273 4566 doceri
296 4514 401 4582 possint
420 4515 624 4580 admoneantur,
639 4528 666 4572 et
679 4517 788 4573 interim
805 4517 920 4571 subiecti
973 4515 1022 4584 ipsi
1037 4516 1065 4569 in
1087 4514 1252 4569 seculmmus
1265 4515 1379 4586 negotiis
1393 4530 1443 4585 pro
1456 4515 1610 4570 testimonio
1628 4522 1674 4569 aut
1694 4531 1760 4570 con·

136 4581 293 4636 sacerdotes
306 4590 333 4636 et
347 4582 414 4637 tales
427 4583 517 4639 clerici
530 4585 563 4639 ad
585 4593 690 4655 tempus
711 4584 922 4640 celebrationem
972 4583 1105 4654 lugieudis
1117 4584 1302 4638 instrumentis
1317 4600 1371 4639 non
1383 4594 1528 4656 regentum
1542 4584 1604 4654 quia
1617 4599 1665 4639 eos
1678 4586 1706 4640 in
1720 4593 1759 4640 ta·

133 4648 234 4704 divinis
257 4650 384 4707 misteriis
406 4661 433 4707 ct
456 4652 551 4708 olltciis
574 4656 782 4724 suspendantur,
803 4662 832 4708 ιιι
849 4655 920 4710 docti
972 4654 1042 4708 libus
1058 4655 1138 4708 rebtts
1153 4669 1276 4708 essenon
1290 4654 1431 4720 eonvenit;
1448 4654 1647 4709 sicnimounte
1660 4670 1759 4714 cauma

135 4719 243 4774 samarit
256 4721 291 4775 ad
303 4722 419 4776 debitum
437 4723 615 4778 ministerium
633 4725 769 4780 advenire.
788 4723 817 4778 Si
829 4734 919 4779 autem
972 4722 1072 4792 aliquid
1085 4723 1202 4778 viderint
1213 4731 1259 4777 aut
1276 4723 1418 4786 audierint,
1433 4724 1478 4779 ubi
1493 4725 1582 4779 nullae
1593 4724 1705 4780 idoneae
1716 4740 1757 4780 se·

132 4790 270 4856 potuerint
281 4790 397 4856 edocui
414 4792 441 4845 in
455 4801 586 4860 potestate
599 4795 715 4864 episcopi
726 4795 770 4849 sit.
972 4791 1090 4848 crilariac
1110 4793 1280 4847 inveniantur
1292 4808 1432 4863 personae,
1449 4809 1482 4849 ne
1494 4794 1593 4849 retitm
1610 4792 1758 4849 occultemr

169 4857 198 4912 5.
212 4856 248 4913 Ut
258 4858 408 4930 neplcpendi
420 4861 531 4932 episcopi
543 4864 695 4919 canonicam
708 4862 824 4934 rapulam
834 4861 921 4917 obser·
971 4871 999 4916 et
1016 4861 1102 4916 malus
1115 4868 1142 4915 et
1156 4864 1243 4917 bonus
1257 4864 1405 4926 estimetur,
1420 4864 1448 4917 ιιι
1466 4862 1634 4932 providentia·
1650 4876 1699 4931 pro
1718 4864 1758 4919 ria

134 4936 236 4981 ιιιιιιιι.
258 4926 419 4999 Episcopum
443 4932 516 4984 enim
536 4934 688 4988 consecrari
709 4949 761 4988 non
783 4932 918 4996 movent,
972 4931 1008 4986 sit
1021 4932 1112 5000 episco
1132 4931 1149 4993 i,
1161 4938 1191 4985 ιιι
1200 4941 1246 4985 aut
1256 4948 1347 4987 coram
1361 4942 1428 4987 sect
1440 4932 1654 5002 competentibus
1663 4876 1755 4989 mciiu-
1829 4941 1847 4957 ²

134 4995 187 5050 nisi
199 5012 216 5052 a
230 4996 337 5055 clericis
350 5009 378 5055 et
390 5000 487 5070 populo
500 4999 582 5055 luerit
596 5003 755 5071 postulates.
771 5001 845 5057 Unde
866 5000 919 5056 Ce-
972 5001 1022 5056 btts
1034 5009 1079 5054 aut
1093 4946 1171 5055 tiiter
1185 5001 1323 5055 veritatem
1338 5001 1486 5056 honorilice
1500 4999 1613 5055 attoliat.

132 5063 247 5121 Iustinus
261 5067 271 5098 ¹
290 5082 356 5149 papa
370 5070 434 5125 dicit
450 5088 456 5124 ι
475 5068 568 5126 Nullus
583 5071 698 5128 invictus
711 5072 850 5127 ordinetur
861 5070 918 5139 epi·
970 5080 973 5085 '
1008 5070 1050 5124 tt.
1072 5069 1122 5123 titt
1138 5071 1282 5125 secerdotes
1303 5082 1359 5141 post
1376 5071 1558 5140 condempnent
1570 5085 1625 5123 csse
1644 5075 1754 5136 oportet.

132 5149 242 5205 scopus.
256 5135 344 5193 Plebis
355 5140 437 5204 enim,
458 5138 617 5196 clericorum
636 5151 664 5196 ct
681 5141 792 5207 ordInis,
806 5155 919 5194 cousen-
971 5139 1131 5195 Sacerdotes
1143 5140 1245 5194 ιιιιιιιιι·
1257 5149 1303 5195 aut
1313 5141 1435 5209 quamtis
1448 5139 1516 5193 alius
1528 5140 1554 5192 in
1574 5138 1668 5192 ordine
1687 5136 1756 5191 celu-

132 5220 180 5259 sus
193 5216 221 5261 ct
233 5206 394 5262 desiderium
407 5216 512 5264 constat
522 5225 582 5265 esse
594 5212 793 5281 requirendum.
812 5209 846 5262 Et
864 5209 918 5263 beo
970 5210 1080 5265 siastico
1092 5216 1236 5279 provectus
1255 5211 1277 5264 si
1302 5211 1329 5263 in
1342 5224 1374 5264 eo
1387 5209 1398 5239 ⁸
1413 5209 1513 5263 scelere
1528 5207 1689 5270 inretiatur,
1702 5222 1755 5277 quo

132 5277 320 5332 satietissimos
340 5292 373 5346 pa
394 5295 408 5332 a
433 5280 471 5334 ait
490 5295 497 5333 :
524 5279 600 5334 Nulla
623 5283 696 5335 enim
716 5281 785 5334 ratio
806 5279 870 5334 sinit
888 5287 917 5333 ut
970 5277 1126 5334 abiciendus
1148 5279 1255 5340 existat,
1281 5279 1417 5346 depositus
1442 5277 1609 5348 providentia
1636 5275 1754 5346 episcopi

132 5345 204 5399 iuter
217 5346 356 5416 episcopos
374 5294 536 5414 iubeantur,
557 5351 603 5419 qui
624 5366 705 5405 neca
727 5349 832 5405 clericis
854 5359 917 5403 sunt
969 5348 1037 5404 bene
1049 5349 1157 5418 prosiso
1171 5349 1229 5403 ioco
1244 5349 1455 5409 constituantur,
1469 5348 1513 5402 ubi
1528 5353 1637 5418 peccata
1647 5345 1752 5418 lugeant

131 5413 222 5482 electi,
237 5432 287 5471 nce
301 5433 315 5470 a
331 5418 453 5486 plebibus
465 5421 587 5489 expetiti.
603 5419 712 5486 Quodsi
729 5420 756 5474 in
769 5420 862 5474 eadem
873 5434 919 5473 ec·
968 5427 994 5474 et
1011 5419 1123 5473 ulterius
1137 5432 1190 5472 non
1205 5418 1383 5475 committant.

742 5549 937 5608 tautanius
956 5549 1155 5607 laustenes

168 5681 323 5736 'docente
361 5683 569 5738 ’etlestinusc
607 5680 773 5739 'desintiri
811 5683 922 5738 ‘cose
