3824 6112
55 263 109 318 ibi

330 257 405 314 cub.
427 255 599 313 braeost-
613 252 792 311 numentum
810 255 1070 314 ntrttdtnmtttt
1084 253 1283 312 cotnnctto.
1305 258 1369 314 nltt.
1390 260 1408 314 l.

1631 259 1684 319 tae

50 372 128 425 stiria
144 368 320 424 ccclesiannu
332 370 382 423 sub
402 368 572 424 iunnnritatis
589 367 745 423 defensione
759 368 849 422 cnrrsi-
864 382 886 436 Α
900 368 971 422 binis
988 366 1029 421 rel
1046 367 1132 422 russis
1144 369 1283 434 comitum,
1299 369 1350 424 nisi
1366 370 1418 438 qni‘
1433 385 1541 425 cansam
1559 385 1635 426 suant
1648 375 1697 429 ad·

53 452 138 504 stete,
154 454 246 493 rerum
260 439 341 492 eriam
355 437 451 495 domus
464 449 491 494 ct
503 440 585 501 villasv
597 448 624 494 et
636 447 712 507 septa
725 437 849 492 rillarnm

51 520 79 566 et
99 510 243 580 piscatoria
258 525 336 562 rrrann
357 509 427 564 laeta
445 521 472 563 et
490 509 617 580 quiequid
641 509 721 563 lassis
741 517 787 561 aiut
807 522 850 561 se·

51 581 135 651 pibus
146 580 187 633 rel
205 581 287 635 ctiam
306 578 358 633 alio
371 580 523 634 claustrum
541 595 639 650 genere
656 577 848 648 praecingitur,

901 439 1008 507 quircre
1027 438 1124 492 deltcnt
1140 447 1186 492 aut
1204 443 1376 508 respondere.

935 508 998 561 989.
1012 507 1050 560 De
1064 508 1171 562 testibus
1190 511 1223 562 od
1240 512 1417 564 testimonium
1430 509 1571 564 dicordiam
1583 512 1698 582 quniiter

900 577 1083 632 adhibeantur.
1113 577 1146 633 tu
1172 588 1254 634 testes
1285 583 1318 633 ad
1345 579 1528 634 testimonium
1553 581 1697 637 dicendum

52 649 151 705 eodem
170 649 340 704 inmunitatis
359 651 466 705 nomine
488 649 638 704 contineri.
663 649 697 702 m
720 647 849 717 quicquid
899 647 1020 717 praemio
1039 663 1092 702 iton
1108 649 1302 703 conducantur.
1323 650 1356 702 Et
1368 658 1396 703 nt
1410 650 1500 704 nullus
1516 652 1697 707 testinnonium

51 720 126 774 intra
140 717 295 773 huiusmodi
309 720 474 774 munimenta
495 719 528 774 ad
545 721 586 774 ius
600 717 747 773 eorundum
763 719 851 773 cccle-

53 792 158 846 siarum
183 792 227 844 rel
252 791 479 845 monasteriorum
506 791 669 859 pertinentia
691 805 707 842 a
731 787 851 858 quolibet

54 859 165 916 honrine
184 860 354 921 nocendive!
373 861 500 914 damnum
515 857 647 914 inferendi
671 874 751 913 eausa
771 873 852 926 spon-

54 943 137 985 tnnea
156 929 294 984 voluntate
306 930 493 995 committitur,
515 930 542 984 in
556 931 608 985 hoc
621 929 692 985 iacto
704 928 852 982 inmunitas

53 998 295 1055 lrrrcrniudicatnr.
308 999 385 1065 Quod
400 1016 464 1056 tero
488 1001 515 1055 in
535 1015 616 1071 agros
635 1007 662 1054 et
685 1013 795 1068 campos
820 1012 853 1052 ae

53 1072 149 1134 sileas,
166 1085 234 1139 quae
246 1069 304 1125 sine
320 1070 534 1126 laborationibus
548 1072 555 1101 ¹
571 1078 634 1124 snut
647 1077 674 1122 et
685 1070 760 1124 nullo
773 1067 853 1122 modo

55 1141 208 1195 rrnmitione
224 1141 378 1210 cinguntur,
401 1155 475 1205 castr,
494 1141 564 1195 sicut
578 1140 636 1194 steri
652 1140 733 1205 solet,
754 1154 770 1193 a
793 1138 853 1208 qui-

55 1211 173 1265 buslibet
190 1209 344 1265 bominibus
364 1209 472 1280 aliquod
494 1213 621 1266 dnnnrnm
641 1209 741 1264 sactum
760 1207 851 1271 luerit,

55 1281 181 1352 quamuis
192 1281 263 1335 idem
275 1294 338 1350 ager
350 1290 397 1335 aut
411 1296 522 1350 europus
544 1281 586 1334 rel
605 1279 672 1335 silva
693 1288 740 1334 aut
757 1279 791 1332 ad
806 1293 852 1332 ec·

57 1352 169 1407 elusium
194 1350 236 1406 rel
262 1351 457 1406 morrastcrium
485 1360 658 1421 pracceptum
683 1348 854 1404 inmunitatis

58 1423 205 1476 habentem
228 1421 373 1491 pertineat,
396 1429 559 1476 nontamen
584 1423 612 1475 in
631 1421 683 1474 boc
706 1419 855 1473 inmunitas

57 1491 144 1546 tracta
158 1489 300 1546 iudicanda
312 1499 369 1556 cst;
388 1499 416 1545 et
431 1489 491 1547 ideo
504 1507 558 1545 nou
581 1498 772 1547 sexcentorum
791 1488 856 1544 soli·

57 1561 154 1616 dorum
172 1561 367 1632 conpositione,
383 1562 430 1617 scd
451 1559 599 1617 secundum
615 1560 712 1630 legem,
736 1573 805 1631 quae
827 1558 856 1613 in

57 1632 156 1687 eodem
168 1629 227 1686 luco
240 1638 356 1695 tenetur,
373 1631 396 1687 is
412 1630 567 1686 multandus
580 1640 622 1687 est
636 1631 683 1700 qui
699 1629 856 1686 scandalum

57 1700 100 1754 rel
115 1701 242 1755 damnum
263 1701 290 1755 in
310 1700 356 1756 tali
367 1701 427 1758 loco
446 1699 543 1757 iecisse
563 1702 704 1758 conuictus
723 1701 734 1732 ¹
760 1699 855 1754 luerit.

95 1771 158 1827 989.
179 1771 217 1826 De
229 1771 337 1825 iustitiis
351 1771 525 1844 qenerolibus.
546 1772 584 1827 De
604 1770 716 1828 iustitiis
729 1769 857 1826 ecelesia-

58 1857 121 1897 rum
155 1841 213 1905 Dei,
243 1842 400 1908 viduarum,
429 1843 614 1912 orphanorum
639 1850 667 1898 et
695 1840 857 1911 pupillorum

58 1910 250 1982 praecipimus,
267 1921 297 1966 ut
310 1913 337 1966 in
355 1913 469 1983 publicis
483 1913 590 1968 iudiciis
606 1928 661 1968 non
672 1912 857 1982 despiciantur

59 1982 220 2046 clamantes,
234 1981 380 2053 sedprimo
401 1982 548 2054 diligenter
558 1983 712 2038 audiantur.

94 2051 158 2107 981.
180 2051 220 2106 De
231 2052 389 2108 animalibus
403 2054 441 2109 oei
455 2054 515 2107 aliis
529 2053 614 2118 rebus,
627 2070 643 2108 a
657 2052 750 2124 quibus
771 2067 860 2106 emon·

59 2133 114 2176 tnr.
140 2121 173 2177 tu
186 2122 275 2176 nullus
287 2131 417 2247 conparet
429 2123 573 2190 caballum,
593 2125 690 2179 borenr
703 2132 730 2177 et
754 2121 860 2176 iumen·

60 2201 118 2245 turn
130 2192 172 2246 rel
188 2192 251 2259 alin,
266 2193 318 2247 uisi
330 2194 339 2247 i
351 2194 405 2249 lum
418 2194 555 2249 hominem
567 2201 723 2266 cognoscat,
737 2192 784 2262 qui
796 2205 860 2246 euru

60 2261 163 2344 rendit,
180 2269 227 2316 aut
241 2260 275 2318 de
289 2278 343 2333 quo
354 2279 423 2336 pago
436 2271 486 2328 est,
507 2264 548 2320 rel
563 2266 608 2320 ubi
622 2271 724 2330 manet,
737 2271 784 2317 aut
799 2261 860 2332 quis

60 2341 103 2387 cst
120 2347 180 2386 erus
194 2333 294 2388 senior.

96 2402 161 2459 989.
181 2403 221 2457 De
235 2420 274 2466 eo,
296 2405 340 2475 qni
353 2404 380 2458 iu
395 2405 573 2460 testimonium
597 2403 751 2465 desumitur,
773 2400 860 2475 quentis

60 2490 116 2527 esse
128 2472 230 2527 debeat.
255 2472 379 2543 Optimus
394 2476 507 2546 quisque
523 2476 550 2530 in
568 2489 638 2545 pago
657 2474 697 2530 vcl
711 2471 821 2529 civitate
833 2472 862 2526 in

63 2543 249 2599 testimoninm
264 2553 417 2600 assumatur
431 2554 459 2600 et
470 2547 513 2601 eni
530 2545 562 2608 is,
582 2554 677 2600 contra
691 2559 771 2614 qoem
784 2542 862 2598 testi-

64 2613 189 2669 moniare
204 2614 214 2645 ⁸
237 2615 324 2678 debet,
337 2615 440 2670 nullum
457 2617 559 2671 crimen
573 2615 659 2686 possit
673 2615 802 2670 indicere.

98 2683 444 2740 materiamornant
465 2687 592 2740 coniecto.
614 2685 649 2741 Ut
674 2684 712 2740 illi
724 2684 769 2754 qui
789 2682 863 2738 hori-

63 2755 184 2808 bannmn
200 2755 304 2811 solrere
320 2755 427 2820 debent,
454 2757 606 2812 coniectum
622 2753 727 2811 saciant
742 2755 776 2809 ad
790 2753 863 2808 heri·

64 2825 254 2880 bannatorem.

98 2894 162 2949 988.
178 2894 215 2950 De
236 2895 335 2950 colonis
356 2906 380 2950 et
400 2895 537 2966 fiscalinis.
556 2896 591 2952 tn
606 2910 656 2951 nec
677 2895 791 2952 colonus
812 2909 864 2950 trec

64 2964 204 3020 iiscalinus
226 2967 324 3022 alicubi
339 2967 498 3022 traditiones
513 2965 602 3022 Dicere
613 2965 719 3020 audeat.

98 3055 162 3112 985.
183 3056 308 3128 Dataleis
318 3057 434 3113 testibus.
449 3056 470 3112 F
472 3057 522 3115 uisi
535 3065 620 3113 testes
639 3054 821 3126 praecipimus
831 3062 898 3147 utc

65 3142 120 3181 nou
132 3127 308 3199 recipiantur.

99 3221 163 3277 986.
182 3221 220 3276 De
234 3222 381 3277 bominibus
397 3222 431 3276 od
448 3230 558 3276 mortem
569 3219 723 3274 diiudicatis
734 3227 760 3272 et
772 3227 863 3290 posteo

64 3294 102 3348 ris
116 3293 347 3355 diacononorum
363 3293 478 3347 iustitias
489 3293 660 3362 quaesierint.
675 3289 714 3343 lttt
729 3289 862 3352 homines,

66 3364 111 3432 qui
136 3373 246 3432 propter
275 3379 369 3417 eornm
402 3363 494 3431 culpas
520 3363 554 3415 ad
584 3369 699 3415 mortem
727 3357 865 3414 diiudicati

67 3432 169 3487 luerint
190 3442 218 3488 et
237 3442 331 3502 postea
353 3432 393 3488 eis
416 3434 470 3486 vita
493 3432 576 3486 inerit
600 3445 739 3495 concessa,
762 3431 784 3483 si
811 3429 865 3499 ipsi

66 3504 199 3558 iustitiam
212 3504 246 3559 ab
257 3503 316 3558 aliis
326 3503 401 3573 requi
409 3503 515 3567 aerior,
523 3510 569 3555 ant
580 3503 615 3556 ab
624 3502 664 3556 eis
674 3500 719 3554 alii
732 3500 865 3557 iustitiam

67 3589 199 3643 quaerere
218 3574 360 3638 voluerint,
375 3574 413 3628 ita
436 3572 578 3627 interillos
597 3572 724 3627 iudicium
739 3571 867 3624 termine-

70 3653 123 3699 tur.
150 3643 241 3699 Primo
253 3646 373 3699 omnium
390 3645 423 3699 de
441 3643 495 3697 illis
509 3642 609 3705 causis,
628 3657 678 3711 pro
690 3641 787 3711 quibus
798 3639 866 3695 iudi·

68 3723 147 3770 catus
161 3715 244 3770 luerit
261 3715 295 3769 ad
309 3724 434 3779 mortem,
449 3713 549 3767 nullam
560 3721 649 3782 potest
660 3710 750 3767 iacere
765 3711 866 3780 repeti-

68 3787 183 3850 tionem,
209 3786 272 3855 quia
299 3801 395 3840 onrnes
419 3801 463 3840 res
482 3797 548 3839 suae
569 3783 718 3838 secundnm
736 3782 867 3837 iudicium

69 3855 235 3910 l'rancorum
257 3856 283 3909 iu
298 3855 406 3926 publico
426 3855 536 3910 inerant
552 3862 702 3908 reroeatac.
719 3854 752 3906 ltt
769 3854 792 3906 si
818 3851 868 3906 ali·

69 3926 135 3995 quid
157 3926 369 3994 inpostmodum,
386 3935 530 3995 postquam
556 3924 581 3977 ei
603 3925 656 3977 rita
670 3937 798 3978 concessa
814 3928 865 3984 est,

69 4011 132 4050 cerm
144 3995 528 4066 iustitiaadquirerepotucrit,
542 3995 570 4048 in
578 4010 626 4048 sna
640 3994 764 4047 libertate
776 4000 867 4046 terreat

69 4076 96 4121 et
112 4064 238 4121 defendat
262 4069 411 4122 seeundum
439 4066 536 4136 legem.
557 4065 584 4119 ln
606 4063 789 4119 testimoninm
812 4076 866 4115 non

70 4135 242 4205 suscipiatur,
272 4151 322 4192 nec
346 4137 418 4192 inter
435 4136 562 4191 scabinos
577 4134 611 4189 ad
634 4135 719 4203 legem
743 4132 867 4186 indican-

70 4207 131 4260 dam
146 4216 280 4261 teneatur.
297 4207 330 4261 lit
344 4207 367 4262 si
385 4208 419 4262 ad
432 4215 633 4261 sacrarnentunr
649 4203 750 4273 aliquid
764 4202 868 4256 iudiea-

71 4287 126 4330 tum
141 4276 306 4347 fueritqtrod
318 4278 409 4332 iurare
431 4277 537 4338 debeat,
562 4276 585 4331 si
603 4275 701 4344 aliquis
721 4274 809 4342 ipsum
823 4287 868 4327 sa·

72 4354 240 4402 crarnentum
253 4346 352 4403 t'alsum
367 4348 457 4404 dicere
474 4347 599 4411 nolucrit,
620 4346 776 4401 contendat.

900 717 973 773 dicat
984 725 1030 770 aut
1044 727 1241 773 sacrarrrentunr
1256 721 1335 782 iuret,
1355 720 1405 773 nisi
1420 719 1533 773 ieiunus.
1554 721 1587 774 tn
1609 731 1639 775 ut
1657 731 1697 777 tc-

901 797 966 851 stcS,
982 788 1139 857 priusquam
1156 790 1253 853 inrcnt,
1273 791 1415 858 separatim
1435 790 1622 855 discutiantur,
1634 793 1699 860 quid

901 859 992 983 3ch
1007 858 1090 912 reliot
1116 859 1149 913 de
1173 859 1218 913 illa
1234 874 1273 925 re,
1289 860 1361 914 unde
1377 860 1562 915 testimonium
1585 862 1699 918 reddere

920 943 935 982 e
972 935 1011 981 nt.

936 997 998 1052 999.
1014 996 1052 1052 Do
1061 998 1162 1052 iustitio
1172 997 1307 1052 cuiuslibet
1320 1016 1335 1052 o
1347 998 1419 1053 nullo
1428 999 1697 1070 quolibetdiiutundn.

904 1067 939 1123 m
950 1067 1039 1123 nullus
1051 1068 1164 1137 quilibet
1180 1068 1278 1124 missus
1300 1078 1391 1124 noster
1405 1085 1492 1140 neque
1510 1085 1601 1125 euntes
1612 1086 1699 1142 neque

903 1139 982 1193 index
995 1146 1042 1193 aut
1054 1139 1181 1194 scabinus
1195 1139 1339 1194 cuiuslibet
1351 1139 1481 1194 iustitiam
1495 1141 1607 1195 dilatare
1621 1157 1701 1210 prae·

903 1216 1001 1271 suniat,
1019 1209 1041 1262 si
1065 1209 1155 1262 statim
1174 1209 1318 1278 adimpleta
1334 1212 1453 1278 potuerit
1467 1226 1527 1265 esse
1552 1212 1701 1266 secundum

904 1279 1110 1341 rectitudinem,
1139 1294 1225 1348 neque
1252 1281 1372 1348 praemia
1395 1295 1445 1349 pro
1469 1282 1519 1335 lroc
1542 1294 1558 1334 a
1581 1282 1702 1351 quolibet

904 1350 1013 1403 lrondne
1024 1364 1074 1418 per
1089 1349 1198 1420 aliquod
1217 1349 1355 1420 ingenium
1375 1350 1474 1405 malum
1488 1360 1645 1422 praesumat
1655 1367 1701 1408 ac·

904 1435 928 1474 c.
950 1434 1005 1475 ere.

930 1434 1002 1546 Ι981.
1022 1489 1181 1544 Darioritum
1194 1488 1354 1560 blasphemis
1368 1491 1378 1523 ⁸
1394 1490 1550 1546 latronibus.
1569 1491 1607 1546 De
1619 1491 1703 1548 latro·

906 1559 999 1625 nibus,
1025 1561 1071 1629 qui
1096 1575 1220 1630 numnam
1240 1560 1339 1614 babent
1356 1561 1561 1630 blasphemiam,
1580 1561 1703 1632 quicum·

907 1646 959 1700 que
969 1631 1086 1700 aliquem
1098 1646 1132 1684 cr
1151 1630 1193 1684 bis
1208 1631 1469 1700 compraehenderit,
1486 1632 1590 1686 nullum
1607 1632 1703 1704 damp-

909 1717 973 1755 num
986 1701 1083 1756 exinde
1098 1701 1226 1769 patiatur.

944 1770 1007 1826 999.
1029 1771 1067 1824 De
1089 1771 1196 1825 testibus
1215 1769 1249 1823 ud
1271 1785 1326 1822 rent
1349 1768 1490 1840 quamlibet
1513 1771 1706 1843 discutiendnm

908 1840 1045 1911 dipendio.
1062 1839 1097 1897 Ut
1113 1841 1338 1911 quandocumque
1350 1848 1433 1896 testes
1443 1841 1477 1895 ad
1488 1855 1543 1898 rem
1556 1843 1705 1913 quamlibet

910 1911 1105 1967 discutiendam
1121 1910 1268 1993 quaerendi
1285 1919 1366 1981 atque
1377 1911 1496 1981 elegendi
1508 1924 1580 1978 sunt,
1595 1913 1705 1968 amisso

909 1990 1004 2037 nostro
1020 1989 1048 2037 et
1069 1990 1178 2046 comite,
1205 1980 1233 2036 in
1253 1980 1331 2035 cuius
1354 1981 1505 2036 ministerio
1527 1984 1560 2039 de
1576 1999 1605 2038 re
1619 1984 1705 2053 qnali-

910 2067 1029 2122 cnmquc
1043 2052 1176 2120 agendum
1192 2059 1245 2115 est,
1260 2049 1327 2105 tales
1339 2050 1481 2114 clivantur,
1496 2053 1590 2122 quales
1609 2054 1705 2124 optimi

910 2122 1009 2191 inipso
1023 2136 1094 2192 pago
1108 2121 1224 2177 inveniri
1237 2129 1359 2190 possunt.
1375 2093 1411 2176 bt
1424 2137 1477 2176 nnn
1495 2123 1575 2180 liccat
1588 2123 1705 2193 litigato-

909 2193 987 2248 ribus
999 2207 1048 2262 per
1059 2192 1179 2261 praemia
1195 2192 1277 2247 salsos
1294 2199 1377 2247 testes
1390 2192 1535 2260 adducere,
1551 2194 1622 2250 sicut
1634 2205 1703 2249 aeto

911 2278 963 2318 uus
980 2262 1040 2318 iteri
1058 2263 1171 2317 solebat.

946 2332 1009 2388 995.
1029 2331 1068 2388 De
1080 2332 1177 2404 placito
1191 2332 1342 2386 centenurii.
1359 2331 1394 2389 Ut
1405 2332 1495 2388 nullus
1508 2334 1588 2390 bomo
1603 2335 1630 2388 in
1649 2334 1709 2404 pln-

911 2403 966 2458 cito
982 2403 1130 2459 centenarii
1151 2403 1287 2473 nequead
1304 2410 1428 2469 suornm,
1440 2419 1527 2475 neque
1544 2406 1577 2460 ad
1596 2405 1708 2460 litteriu-

911 2481 965 2528 tem
992 2490 1068 2530 stram
1092 2473 1277 2536 amittendam,
1301 2481 1350 2526 aut
1373 2473 1406 2527 ad
1428 2487 1472 2529 res
1493 2475 1642 2530 nddendas
1666 2472 1711 2531 rel

912 2544 1046 2614 mancipia
1058 2544 1208 2608 iudicetur;
1221 2543 1268 2597 sed
1279 2543 1330 2598 ista
1341 2551 1387 2598 ant
1398 2544 1424 2598 in
1437 2546 1589 2614 praesentia
1601 2546 1710 2604 comitis

912 2615 954 2672 rel
970 2616 1114 2670 missorum
1128 2622 1282 2669 nostrorum
1299 2614 1460 2669 iudicentur.

947 2685 1011 2740 994.
1031 2685 1069 2740 De
1090 2684 1193 2756 placitis
1214 2685 1331 2738 omissis
1345 2685 1484 2739 dominicis
1503 2685 1641 2741 comitibus
1662 2703 1711 2744 no·

913 2765 969 2809 torn
983 2754 1119 2825 faciendis.
1142 2754 1175 2810 Ut
1196 2755 1380 2876 uuusquisque
1394 2755 1538 2809 missorum
1556 2763 1710 2812 nostrorum

914 2825 939 2879 in
953 2825 1053 2894 placito
1074 2840 1123 2879 suo
1151 2832 1244 2878 notum
1278 2825 1348 2878 aciat
1370 2826 1514 2880 comitibus
1535 2827 1580 2896 qni
1602 2828 1712 2883 adeius

913 2895 1080 2950 missaticum
1094 2894 1238 2963 pertinent,
1252 2901 1283 2947 ut
1296 2895 1323 2948 in
1336 2894 1389 2948 illis
1405 2896 1542 2951 mensibus
1554 2896 1653 2963 quibus
1666 2897 1712 2953 ille

914 2965 1075 3036 legationem
1086 2980 1161 3020 sunm
1176 2979 1229 3019 non
1254 2962 1328 3027 iacit,
1353 2966 1513 3020 conterriant
1532 2967 1602 3019 inter
1614 2980 1653 3029 se,
1681 2974 1710 3021 et

914 3035 1068 3092 corrrmunia
1092 3035 1190 3104 placita
1216 3034 1327 3099 iaciant,
1347 3044 1401 3089 tam
1417 3035 1451 3089 ad
1466 3036 1584 3090 latrones
1598 3035 1711 3090 distrin-

914 3107 1025 3177 gendos,
1043 3120 1124 3175 qnam
1138 3105 1171 3159 ad
1183 3114 1305 3159 caeteras
1318 3105 1434 3160 iustitias
1446 3105 1591 3160 iaciendas.

949 3176 1012 3232 995.
1026 3175 1064 3230 De
1075 3175 1201 3229 uxoribus
1212 3175 1401 3244 defunctorum,
1416 3192 1493 3246 quant
1505 3186 1607 3257 prrrtenr.
1621 3174 1712 3231 conio·

915 3247 1059 3301 durationis
1081 3255 1138 3316 post
1159 3245 1258 3299 obitum
1282 3247 1437 3299 moritorum
1455 3261 1570 3317 occipere
1590 3247 1710 3300 debeant.

916 3316 1047 3373 Volumus
1063 3324 1092 3369 ut
1109 3331 1207 3370 errores
1221 3315 1410 3386 desurrctorunr
1433 3323 1492 3384 post
1506 3316 1609 3371 obitum
1628 3318 1713 3371 ruari-

916 3396 1005 3441 toeum
1021 3387 1126 3441 tertiam
1139 3395 1241 3455 partem
1252 3387 1480 3441 conlaborationis
1499 3400 1580 3453 quarn
1593 3387 1672 3440 sirnrrl
1684 3387 1714 3442 in

917 3457 1047 3513 inuelicio
1059 3457 1311 3521 crrrrlnbnrarcrnat,
1323 3457 1466 3525 :rccipiunt
1480 3457 1553 3511 brae
1564 3457 1607 3511 lais
1619 3459 1711 3523 sebna,

917 3545 984 3598 quas
1000 3529 1032 3592 is,
1047 3529 1092 3598 qui
1106 3528 1170 3582 illud
1188 3526 1346 3583 beneficium
1361 3528 1464 3590 lrabnit,
1478 3527 1586 3583 aliunde
1602 3527 1714 3583 adduxit

917 3600 958 3653 rel
972 3599 1137 3668 compararit
1157 3597 1198 3652 rel
1215 3598 1239 3652 ei
1256 3600 1290 3652 ab
1314 3599 1409 3654 anneis
1424 3597 1613 3653 suisconlutae
1638 3607 1712 3666 sunt,

918 3671 967 3725 has
986 3669 1108 3726 uolumus
1123 3677 1178 3724 tam
1196 3669 1230 3723 ad
1251 3669 1388 3738 orphanos
1408 3668 1606 3735 defunctorum,
1630 3684 1713 3739 quam

918 3742 951 3795 ud
968 3753 1066 3795 uxores
1078 3755 1171 3795 eorum
1194 3738 1345 3808 peruenire.

952 3810 1014 3865 996.
1036 3810 1075 3865 De
1092 3811 1167 3881 salsis
1183 3809 1291 3863 testibus
1307 3810 1499 3864 convincendis.
1522 3808 1551 3863 st
1572 3809 1633 3879 quis
1651 3825 1712 3866 cum

918 3880 1051 3935 alterode
1075 3880 1194 3949 qualibet
1214 3895 1294 3934 causa
1309 3880 1509 3934 contentionem
1534 3880 1659 3934 habuerit
1685 3887 1714 3934 et

919 3959 1001 4005 testes
1011 3959 1106 4004 contra
1118 3965 1179 4005 cum
1198 3964 1246 4018 per
1269 3949 1396 4003 iudicium
1413 3948 1535 4016 producti
1548 3947 1661 4013 luerint,
1688 3949 1712 4005 sl

919 4020 962 4074 illc
975 4020 1056 4074 salsos
1074 4035 1122 4075 cos
1143 4034 1203 4075 esse
1220 4020 1382 4088 suspicatur,
1396 4018 1475 4073 lioeat
1493 4019 1518 4074 ei
1531 4018 1599 4073 alios
1618 4026 1712 4084 testes,

918 4106 987 4160 qnos
998 4091 1122 4146 meliores
1133 4089 1260 4158 potuerit,
1277 4097 1428 4145 contraeas
1440 4102 1585 4158 opponere,
1599 4096 1629 4143 ut
1639 4103 1714 4143 rera-

920 4161 991 4216 cimn
1010 4161 1165 4216 testimonio
1180 4160 1307 4215 t'alsorum
1324 4160 1433 4214 testium
1448 4158 1613 4229 purersitas
1634 4174 1714 4229 supe·

921 4240 1004 4285 retur.
1025 4231 1102 4298 Quod
1127 4231 1150 4286 si
1174 4231 1269 4284 ambae
1294 4229 1404 4286 testium
1427 4238 1517 4299 partes
1532 4229 1568 4283 ita
1592 4231 1664 4284 inter
1683 4245 1713 4286 se

920 4302 1105 4366 dissenserint,
1127 4310 1157 4356 ut
1179 4300 1333 4356 nullatenus
1356 4316 1410 4355 nna
1431 4315 1495 4370 pars
1517 4299 1595 4354 alteri
1617 4300 1715 4356 cedere

920 4372 994 4436 uelit,
1010 4373 1146 4443 eligantur
1157 4372 1209 4427 duo
1221 4386 1253 4426 ex
1270 4371 1345 4440 ipsis,
1363 4371 1389 4426 id
1405 4380 1447 4427 cst
1459 4387 1493 4427 ox
1504 4378 1617 4440 utraque
1636 4380 1715 4441 parte

104 4438 168 4495 987.
189 4437 228 4492 Dr
249 4439 362 4503 domine,
388 4439 498 4510 cnipost
520 4437 649 4492 indicium
675 4437 1061 4513 drocensesso0111qffi‚q11r
1087 4458 1148 4497 enm
1166 4442 1250 4497 scutis
1268 4452 1295 4496 et
1311 4440 1428 4497 fustibus
1449 4443 1475 4496 in
1503 4456 1599 4510 campo
1621 4441 1716 4498 decer·

72 4519 127 4573 rst,
144 4508 167 4561 si
179 4508 308 4563 iustitium
318 4510 426 4564 reddere
450 4508 571 4563 noluerit.
590 4505 619 4561 st
631 4505 711 4562 alicui
726 4513 788 4574 post
802 4504 870 4559 iudi-

73 4581 144 4632 ciom
155 4578 330 4634 scabinorum
345 4578 426 4635 luerit
445 4580 499 4633 rita
519 4592 658 4641 concessa,
681 4584 708 4630 ct
723 4575 871 4644 inpostmo-

73 4647 136 4702 dum
155 4648 246 4718 aliqua
264 4664 334 4704 mara
349 4649 546 4719 perpetraverit
563 4657 591 4703 et
608 4646 739 4701 iustitiam
758 4645 871 4700 reddere

72 4719 202 4785 noluerit,
218 4719 331 4776 dicendo
346 4720 418 4790 quod
437 4726 561 4774 mortuus
574 4717 610 4773 sit
622 4725 650 4772 et
666 4716 725 4772 ideo
739 4714 871 4795 iustitiam

73 4790 187 4843 reddere
204 4803 257 4844 non
275 4791 380 4855 debeat,
399 4798 531 4845 statutum
543 4797 594 4852 est,
611 4796 641 4842 ut
657 4786 781 4856 superins
802 4785 871 4838 rudi·

73 4858 145 4911 eiuru
161 4859 305 4925 sustineat,
319 4861 392 4931 quod
410 4868 490 4914 antea
511 4859 647 4914 sustinere
666 4855 768 4912 debuit.
792 4854 826 4909 Et
847 4854 872 4909 si

73 4928 173 4998 aliquis
189 4931 319 4985 adsersus
333 4945 396 4986 eum
410 4931 499 5000 aliqua
516 4928 587 4984 mala
600 4927 705 4992 lecerit,
723 4925 871 4982 secundum

74 4997 220 5068 aequitatis
233 5001 355 5055 ordinem
371 5001 507 5056 licentiam
526 5000 625 5055 habeat
646 5012 722 5053 suam
742 4996 874 5051 iustitiam

74 5068 232 5139 requirendi
248 5070 281 5126 de
297 5071 387 5126 causis
398 5070 573 5141 perpetratis,
588 5078 732 5139 postquam
755 5067 790 5121 ad
803 5081 876 5120 mor·

75 5146 129 5192 tent
156 5140 290 5195 iudicatus
301 5150 353 5197 est.
368 5141 569 5213 Depraeteritis
580 5147 697 5203 maneat,
711 5137 782 5196 sieut
793 5150 875 5207 supra

74 5208 224 5264 iudicatum
235 5211 296 5265 luit.

109 5300 175 5358 288.
187 5302 226 5358 De
239 5303 327 5360 liberis
339 5305 499 5372 dominibus,
512 5303 557 5376 qui
569 5303 603 5359 od
616 5302 727 5358 molium
738 5302 824 5357 tenire
835 5316 879 5356 co·

75 5372 156 5441 pendi
176 5383 246 5428 sunt.
264 5374 299 5431 tn
321 5375 410 5431 nullus
423 5377 493 5432 alius
517 5379 550 5431 de
562 5374 656 5431 liberis
674 5373 829 5428 hominibus
841 5370 876 5425 ad

74 5441 206 5513 placitum
217 5443 260 5500 rel
272 5446 306 5501 ad
318 5447 427 5502 mallum
440 5446 533 5502 venire
550 5455 673 5515 cogatur,
685 5443 806 5515 exceptis
818 5457 876 5500 sea·

924 4523 990 4578 tent,
1005 4530 1065 4568 utra
1082 4529 1146 4583 pars
1165 4513 1307 4568 salsitatem
1321 4522 1367 4567 out
1380 4514 1521 4568 veritatem
1534 4528 1584 4568 suo
1596 4512 1716 4569 testimo¹

923 4585 968 4638 nio
981 4593 1118 4654 sequatur.
1139 4585 1172 4638 m
1184 4583 1319 4652 campioni
1330 4583 1378 4653 qui
1391 4583 1479 4639 rictus
1491 4582 1582 4649 fucrit,
1605 4591 1716 4653 propter

923 4656 1082 4723 periurium,
1095 4656 1167 4726 quod
1177 4663 1240 4709 ante
1250 4668 1367 4725 pugnam
1382 4655 1528 4718 commisit,
1543 4654 1637 4710 dextra
1658 4669 1718 4708 rna-

923 4741 975 4780 nus
989 4734 1157 4795 amputatum
1173 4725 1272 4780 caeteri
1284 4740 1349 4780 vero
1370 4726 1491 4780 ciusdem
1514 4724 1600 4806 partis
1623 4731 1716 4787 testes,

923 4797 968 4864 qni
980 4794 1041 4849 salsi
1058 4795 1241 4865 apparuerint,
1256 4811 1352 4850 nrarrus
1377 4811 1441 4851 suas
1465 4797 1616 4859 reclamant;
1640 4795 1718 4849 cuius
1804 4834 1807 4841 .

924 4867 1128 4936 compositionis
1145 4867 1213 4921 duae
1229 4875 1321 4935 partes
1342 4866 1378 4931 ei,
1402 4875 1498 4921 contra
1522 4879 1602 4934 quem
1624 4864 1717 4917 testati

925 4947 996 4997 sunt,
1013 4937 1120 4999 derrtur,
1139 4938 1217 4991 tertia
1233 4951 1283 5005 pro
1296 4935 1373 4992 fredo
1393 4936 1521 4991 solvatur.
1539 4934 1574 4990 ln
1598 4934 1625 4987 in
1640 4947 1718 4988 secu·

926 5007 975 5061 lari
996 5006 1103 5076 quidem
1118 5022 1198 5062 causa
1211 5007 1396 5062 huiuscemodi
1411 5007 1520 5061 testium
1535 5003 1678 5059 diuersitas
1689 5002 1716 5056 iu

926 5093 1022 5148 campo
1037 5079 1227 5147 corrprobetur.
1248 5077 1278 5131 ln
1295 5077 1488 5132 ecclesiasticis
1507 5084 1599 5130 autem
1616 5072 1715 5136 causis,

926 5149 1020 5204 ubido
1037 5165 1088 5202 una
1102 5159 1179 5216 parte
1192 5147 1321 5209 seculare,
1348 5146 1381 5202 de
1394 5147 1478 5201 altera
1493 5158 1558 5199 vero
1576 5143 1716 5200 ecclesias·

929 5221 1012 5276 ticum
1032 5219 1170 5289 negotium
1193 5225 1244 5283 est,
1266 5217 1337 5273 idem
1357 5218 1455 5271 nroeius
1477 5216 1645 5270 observetur.
1665 5212 1717 5268 tttu

927 5306 993 5348 uero
1003 5306 1037 5346 ex
1048 5301 1162 5360 utraque
1173 5297 1249 5360 purte
1265 5286 1478 5344 ecclesiasticum
1491 5285 1582 5352 luerit,
1598 5293 1719 5341 rectores

928 5365 1074 5419 earundem
1096 5361 1269 5418 eeclesiarum
1290 5358 1313 5413 si
1333 5373 1363 5414 se
1387 5357 1557 5412 lanriliariter
1575 5355 1719 5435 pacificare

928 5436 1021 5502 uelint,
1035 5433 1171 5492 licentiam
1184 5431 1311 5487 habeant.
1335 5428 1363 5486 Si
1381 5438 1470 5484 autern
1486 5428 1518 5484 de
1532 5426 1718 5482 untuseenon

693 5614 891 5673 VdedNTES
908 5606 1110 5671 merlonus.

113 5751 327 5811 ²lalrorantibus
342 5753 402 5808 Diri.
442 5754 624 5810 ’concinctus
643 5747 676 5806 G.
711 5746 923 5806 'tmtirnuniare
939 5757 1008 5799 corr.
1025 5734 1206 5797 testimoniari
1227 5733 1260 5791 G.
1298 5733 1496 5805 ‘plasplrcaus
1509 5731 1534 5798 {3
1549 5749 1631 5797 cona,
