3826 6112
138 200 197 255 dm
431 194 543 255 contii
562 194 819 254 otrnoimmctts.
834 227 852 240 ·
882 195 1110 255 capitulatim
1128 191 1264 252 scubia.
1283 220 1318 232 -
1335 190 1385 246 ds.
1405 189 1467 248 191).
1711 187 1766 248 bid

140 315 272 370 terminos
282 312 403 367 babituin
416 310 497 368 tuisse
506 319 641 382 oporteat,
656 327 689 367 eo
709 320 797 367 tamen
810 314 896 382 spatio
918 321 1046 380 temporis
1061 325 1089 364 ic
1107 323 1169 361 vcra
1183 321 1231 360 nce
1245 303 1377 358 Tribiiriie
1395 317 1445 357 nec
1464 299 1533 372 opud
1547 300 1700 357 Tlicodonis
1713 304 1766 358 vil-

139 380 193 438 biin
204 391 351 438 convontus
361 380 510 436 celebratus
519 382 563 435 sit.
575 381 689 435 Teitiim
704 383 799 436 collata
812 383 842 435 ll.
856 381 956 434 Baliiaii
974 380 1100 439 editione,
1116 392 1149 431 cir
1168 374 1312 430 (lodicibus
1332 373 1343 424 1
1357 372 1481 453 Gotliano
1493 386 1556 426 sice.
1570 387 1607 436 ιιι,
1621 380 1649 425 ct
1661 372 1692 453 .²·
1706 374 1765 427 Va·

139 457 239 577 ιίωἰιο,
251 451 328 519 cnjus
339 451 468 508 lectiones
479 452 602 509 baluiins
613 450 699 518 allcrt,
707 454 830 508 eumdem
842 450 898 506 iere
909 449 1015 520 qualem
1031 447 1212 503 Coiicilioruiii
1223 444 1339 500 editores
1349 457 1436 511 primo
1446 450 1652 512 proposuerant,
1661 451 1730 498 iteru
1737 457 1764 498 ni

135 540 192 580 evn
203 537 311 592 genius.

137 647 173 688 ss
192 645 316 689 cormiio
333 643 400 686 siun
419 643 566 683 resonares
576 634 675 684 viiruiii
689 644 787 685 iiisiro
800 642 921 684 runicis
935 627 959 688 Δ
972 622 1081 689 severit,
1094 629 1197 692 septem
1219 621 1242 656 ¹¹
1259 620 1480 692 quadragesimas
1496 621 1556 677 sine
1579 621 1695 679 subditis
1715 638 1767 679 aii·

336 755 359 786 ³,
435 712 532 754 “iffi
551 715 643 754 ’10010
979 717 1022 772 nis
1032 716 1177 788 poeniteat,
1188 722 1217 769 et
1238 721 1378 770 sexcentos
1400 712 1501 769 solidos
1514 729 1576 770 eum
1593 714 1692 783 triplici
1713 729 1763 770 sua

172 809 328 867 inconcilio
341 808 411 880 apud
429 807 583 863 Theodonis
604 806 706 873 villam,
724 807 770 863 nbi
794 805 926 862 inteilne·
975 805 1170 876 compositione
1195 811 1223 860 et
1250 803 1448 874 episcopalibus
1480 803 1578 859 bannis
1614 804 1766 872 triplicibus

135 909 202 956 runt
219 899 265 955 51.
279 898 412 968 episcopi,
432 896 565 952 distulius
584 895 774 965 dlugoiiticnsis
795 896 928 966 arcbiepi-
975 895 1100 966 episeopo
1115 903 1265 965 componat.
1283 893 1312 949 Si
1335 900 1425 949 autem
1439 901 1564 950 mortuus
1581 893 1672 959 suerit,
1697 894 1765 949 duo-

136 1004 310 1062 soopuseum
326 987 385 1045 suis
406 985 599 1054 suffraganeis;
629 985 819 1051 lladabaldus,
847 983 928 1041 Colo-
975 986 1061 1041 decim
1083 999 1214 1040 annorum
1232 983 1396 1053 poenitentia
1424 982 1571 1038 secundum
1602 998 1722 1038 canones
1738 983 1765 1037 ei

136 1083 241 1140 niensis
257 1079 475 1150 archiepiscopus
487 1093 548 1133 cuiii
563 1078 620 1132 suis
633 1075 825 1146 suffraganeis3
840 1075 924 1143 lletti,
975 1073 1128 1143 inponatur,
1138 1083 1166 1128 et
1175 1081 1323 1142 nongentos
1334 1071 1434 1128 solidos
1447 1087 1509 1128 cum
1520 1072 1618 1141 triplici
1628 1073 1764 1142 composi-

136 1170 313 1228 treverensis
324 1168 552 1239 archiepiscopus,
567 1180 630 1221 cum
651 1166 708 1223 suis
730 1164 924 1235 suffraginum
976 1162 1049 1218 tione
1065 1179 1114 1218 sua
1125 1172 1153 1219 et
1166 1163 1362 1234 episcopalibus
1372 1163 1469 1218 bannis
1477 1163 1628 1233 triplicibus
1637 1163 1765 1234 episcopo

135 1259 228 1327 llbbo,
242 1256 383 1315 lleasensis
406 1255 623 1325 archiepiscopus
645 1269 707 1309 cviiii
725 1254 781 1310 suis
796 1252 926 1323 suffraga·
976 1262 1133 1322 componat.

136 1351 206 1417 aeis,
218 1365 281 1406 cun
294 1347 397 1405 nuntiis
422 1347 587 1416 reliquorum
612 1346 798 1415 episcoporum
822 1343 927 1402 Galliae
1010 1343 1037 1397 1.
1052 1342 1080 1398 Si
1094 1344 1154 1412 quis
1166 1344 1292 1412 episeopo
1310 1342 1422 1398 insidias
1434 1342 1565 1412 posuerit,
1589 1343 1764 1412 ccmprcbcii·

134 1447 165 1494 et
175 1437 345 1502 Germaniae,
361 1436 396 1492 ob
407 1434 519 1490 nimiam
536 1434 782 1504 praesumptionem
799 1449 927 1503 quorum·
975 1437 1055 1503 derit,
1069 1439 1110 1492 vcl
1129 1437 1156 1493 in
1175 1438 1267 1507 aliquo
1281 1436 1520 1500 desbouestaverit,
1540 1434 1633 1492 decem
1647 1437 1765 1506 quadra·

136 1530 200 1585 dam
233 1537 410 1600 tyrannorum
438 1526 466 1581 iii
495 1524 649 1582 sacerdotes
672 1525 778 1581 Domini
807 1526 926 1583 baeliaii-
975 1527 1194 1595 gesimassinc¹⁸
1208 1528 1324 1583 subditis
1337 1527 1416 1582 aunis
1435 1527 1587 1596 poeniteat,
1611 1527 1764 1596 etpresby-

124 1619 206 1676 -ta'um
217 1617 238 1684 ¹,
251 1622 400 1688 etpiopter
411 1614 510 1671 laetum
525 1613 597 1685 quod
613 1615 640 1670 in
656 1614 800 1671 wasconia
820 1615 927 1670 noviter
975 1617 1026 1671 teri
1040 1632 1094 1671 non
1118 1617 1140 1648 ¹*
1152 1618 1232 1672 occisi
1257 1618 1388 1687 triplicem
1414 1616 1635 1686 compositionem
1656 1632 1766 1685 coiiipo-

135 1709 238 1766 aceidit
256 1708 290 1764 de
308 1708 435 1778 episcopo
457 1705 574 1762 lobanne
599 1706 741 1761 iuboueste
762 1714 791 1762 et
807 1706 926 1762 inaudite
975 1716 1031 1762 nat.
1057 1707 1086 1763 Si
1106 1715 1195 1763 autern
1214 1723 1278 1764 casu
1295 1715 1323 1764 et
1345 1723 1398 1762 non
1420 1713 1515 1775 sponte
1531 1706 1681 1768 occiditur,
1701 1722 1763 1758 curii

135 1797 313 1864 mordridato,
326 1798 463 1854 decretum
482 1804 524 1853 est
543 1805 573 1852 ut
592 1797 727 1853 communi
747 1812 879 1854 consensu
897 1807 926 1854 et
974 1796 1239 1866 comprovincialium
1264 1796 1454 1866 episcoporum
1480 1794 1594 1850 consilio
1630 1779 1765 1849 boniicidri

135 1887 231 1947 bamib
247 1888 389 1944 devotione
401 1887 603 1958 supplicarent·
618 1888 729 1944 auribus
739 1889 877 1960 principis,
900 1890 923 1946 si
973 1884 1121 1954 poeniteat.
1138 1885 1166 1941 Si
1183 1885 1243 1955 quis
1253 1893 1344 1940 antem
1357 1891 1454 1953 sponte
1465 1897 1527 1938 eum
1542 1882 1685 1950 occiderit,
1706 1899 1765 1939 crir-

133 1992 202 2035 auae
212 1979 306 2051 pietati
320 1978 509 2050 complaceret,
524 1986 555 2034 ut
576 1978 711 2035 calumnia
727 1979 755 2034 iii
770 1977 869 2037 Christi
882 1995 926 2037 sa-
942 1977 964 2038 Β
976 1988 1038 2029 nem
1053 1989 1107 2030 nun
1118 1974 1251 2039 conrodat,
1264 1973 1355 2028 riuum
1368 1988 1422 2027 nun
1434 1972 1509 2027 bibat
1521 1972 1626 2027 eunctis
1637 1973 1659 2004 ¹¹
1670 1972 1765 2027 dicbus

134 2067 260 2124 eerdoies
278 2077 388 2139 peraeta
409 2067 482 2123 iuxta
504 2067 644 2138 synodalia
669 2067 926 2126 ‘determinaretur
975 2061 1145 2130 0100000οι
1165 2063 1301 2135 cingulum
1320 2063 1437 2121 mffiidffl
1451 2064 1580 2136 001100οι
1603 2066 1704 2136 000100
1717 2081 1765 2136 spe

132 2157 251 2228 pleniter
269 2164 380 2225 statuta,
392 2157 444 2213 boe
458 2157 529 2213 idem
542 2157 732 2228 episcoporum
755 2159 856 2216 iudicio
869 2160 926 2230 pla·
975 2150 1092 2220 wuibsii
1109 2151 1136 2206 in
1148 2160 1279 2222 perpetuo
1289 2161 1407 2209 mancat.

132 2252 252 2318 mensi
265 2267 299 2308 ει
317 2259 374 2308 ioco
389 2252 536 2308 seeundum
550 2259 711 2321 potestatem
729 2252 849 2322 ipsorum
866 2267 926 2323 1³⁰⁸·
1010 2240 1141 2296 distiilios
1154 2242 1345 2311 blogonticnsis
1358 2242 1576 2312 archiepiscopus
1600 2243 1687 2299 disit:
1706 2261 1716 2294 i
1733 2243 1762 2297 Si

133 2350 178 2398 act
188 2340 303 2406 deliniri,
318 2341 410 2408 idest,
425 2349 454 2397 ut
463 2342 592 2397 canonica
602 2338 735 2397 feriantur
744 2342 887 2409 sententia,
897 2342 925 2397 bi
975 2329 1140 2401 principibus
1154 2331 1284 2401 placuerit
1295 2331 1410 2401 aliisque
1424 2331 1548 2386 fidelibus
1557 2333 1625 2397 suis,
1639 2347 1765 2402 regennis

131 2431 261 2488 videlicet
278 2430 324 2502 qui
340 2431 466 2488 timorem
477 2430 584 2486 bomini
606 2437 814 2500 postponentes,
830 2430 857 2486 in
876 2433 926 2486 mi.
975 2426 1006 2474 ut
1023 2419 1197 2475 conlaudetur
1210 2428 1238 2474 ct
1248 2421 1442 2476 subscribatur.
1458 2421 1512 2475 »Et
1522 2420 1710 2476 conlaudatum
1721 2431 1763 2476 est

132 2525 238 2581 „isim
248 2538 312 2579 suos
326 2536 448 2579 crassam
459 2530 643 2593 praesumunt,
664 2520 739 2590 Quod
754 2521 777 2576 si
792 2537 856 2577 vero
868 2522 927 2592 pie.
975 2517 1003 2565 ct
1016 2510 1196 2580 subscriptum
1214 2518 1256 2565 est
1271 2517 1326 2564 tani
1343 2525 1359 2564 a
1372 2509 1494 2581 principe
1511 2525 1592 2580 quani
1613 2525 1629 2564 a
1649 2512 1765 2567 cacteris

133 2615 185 2670 tati
205 2615 278 2671 illius
295 2613 476 2686 complaceret
491 2611 512 2679 ⁸,
526 2612 599 2667 iuxta
612 2612 728 2682 capitula
739 2627 832 2683 regum
846 2627 926 2682 piac·
974 2597 1111 2655 0000000·

132 2704 304 2770 oedcotium,
330 2704 377 2761 ubi
404 2716 499 2759 coium
522 2702 641 2772 provisio
666 2703 876 2759 misericorditer
898 2704 925 2761 iii
992 2757 1069 2833 Apud
1087 2757 1233 2813 Thmouis
1252 2757 1340 2811 vium
1362 2759 1382 2790 η
1405 2777 1422 2812 a
1449 2757 1547 2811 flamm
1569 2759 1589 2790 o
1605 2775 1699 2830 mamm
1719 2769 1743 2813 μ,

132 2794 246 2900 ΨΜ
257 2795 386 2900 P‘ff'nm
402 2793 581 2898 ‘infmia-‘⁰¹¹¹
605 2793 776 2897 {numum
791 2809 840 2863 ΨΟ
864 2794 928 2850 ΙΝ·
1028 2827 1175 2882 banonico
1190 2838 1213 2882 et
1228 2827 1319 2899 primia
1334 2825 1437 2882 Gallice
1450 2827 1636 2882 condendorum
1649 2840 1672 2883 et
1685 2831 1733 2883 iiii

133 2894 244 2958 patiare
256 2886 360 2943 scibeet
376 2891 558 2956 paenitentiae
571 2885 681 2954 placuit,
701 2892 732 2940 nt
756 2886 767 2918 ⁸
787 2885 927 2955 praefatae
1026 2898 1160 2966 scriptum.

131 2993 239 3049 smper
250 2978 392 3050 pecuniam
403 2978 438 3034 ab
448 2977 657 3048 imperatoribus
674 2977 814 3033 erasini·
833 2992 925 3034 sacer-
1009 2986 1113 3042 Pbeuii
1127 2985 1205 3042 nobis
1217 2992 1245 3042 et
1263 2983 1387 3041 fidelibus
1399 2984 1509 3052 nostris,
1532 2993 1562 3040 ui
1574 2987 1645 3042 stem
1661 2988 1695 3042 ab
1708 2987 1766 3056 epl-

133 3068 244 3126 detibdt
257 3067 292 3124 td
303 3067 489 3124 (1010118ἱο000
503 3080 671 3134 0000050001.
685 3076 774 3138 011101
786 3069 925 3140 110001100-
975 3075 1063 3146 scopis
1080 3083 1108 3131 et
1120 3075 1230 3145 reliquis
1253 3074 1454 3140 sacerdotibus,
1478 3090 1511 3131 ae
1533 3076 1580 3131 bei
1594 3078 1690 3142 servis,
1710 3079 1765 3133 alio

133 3161 202 3217 tiata
213 3160 426 3216 determinentur
445 3162 456 3194 ¹
477 3161 664 3231 cpiscoporum
687 3159 800 3228 iuditio,
825 3161 848 3217 si
867 3162 926 3233 pie·
974 3180 1045 3222 anno
1066 3165 1208 3222 Triburiae
1227 3167 1248 3199 ¹⁸
1272 3166 1412 3221 ammoniti
1436 3165 1535 3221 luimus
1559 3174 1586 3221 et
1608 3168 1715 3239 rogati,
1734 3176 1764 3223 iit

136 3259 178 3307 tas
195 3250 269 3307 illios
285 3248 446 3308 conlaudare
458 3250 584 3318 noluerit,
604 3250 645 3306 sic
662 3248 767 3307 deliniri
791 3250 831 3307 eis
849 3266 924 3307 eom·
974 3255 1091 3325 episcopi
1105 3263 1132 3311 et
1146 3269 1240 3311 corum
1253 3256 1381 3322 ministri,
1395 3270 1463 3325 qiios
1475 3256 1546 3312 neus
1563 3273 1622 3324 suo,
1639 3275 1693 3314 uon
1714 3260 1763 3314 liii-

136 3338 248 3410 piaeuit.
938 3319 961 3383 c
975 3360 1067 3416 mano,
1079 3345 1177 3401 iudicio
1190 3345 1348 3411 reservarit,
1367 3347 1443 3403 inrita
1460 3355 1616 3413 sanctorum
1630 3364 1763 3404 canonum

171 3430 198 3485 1.
211 3428 316 3501 Siquis
328 3430 521 3488 subdiaconum
539 3428 718 3487 calumniatos
731 3428 820 3497 luerit,
832 3430 926 3487 vulne·
974 3444 1181 3507 sanctorumque
1196 3445 1305 3508 patrum
1330 3452 1364 3494 ae
1387 3437 1576 3509 capitularium
1603 3440 1765 3510 praeciden-

137 3523 247 3588 raverit,
262 3522 304 3577 vel
327 3522 527 3587 debilitaverit,
547 3529 576 3577 et
592 3522 779 3589 convaluerit,
807 3523 926 3592 quinque
975 3528 1041 3583 tium
1063 3541 1156 3598 regum
1173 3541 1266 3584 coram
1295 3527 1445 3598 positorum
1463 3535 1581 3595 statuta,
1596 3537 1626 3584 ut
1648 3529 1695 3584 llci
1721 3545 1765 3585 sa·

138 3611 355 3681 mabagcsimas
377 3612 435 3668 siue
448 3613 564 3670 subditis
584 3611 818 3683 annispoeniteat,
835 3620 926 3667 ettie
974 3617 1098 3675 cerciores
1119 3631 1267 3688 eorumque
1294 3625 1504 3688 cooperatores,
1536 3635 1652 3690 quoium
1681 3622 1765 3676 pipp.

135 3711 231 3758 centos
242 3702 342 3759 solidos
352 3718 413 3759 cum
425 3719 474 3760 sua
484 3704 680 3774 compositione
693 3712 720 3759 et
729 3703 926 3774 episcopalibus
974 3709 1161 3774 cessionibus,
1192 3708 1433 3779 supplicationibus
1451 3717 1543 3766 sancta
1566 3710 1614 3765 liei
1634 3710 1765 3767 aecelcsia

138 3793 373 3865 iunuisepiscopo
389 3795 566 3866 'componat
581 3795 610 3851 Sl
624 3804 714 3852 autem
734 3805 857 3852 mortuus
868 3796 927 3852 lue·
974 3810 1098 3858 constare
1120 3800 1244 3869 ridetur,
1272 3801 1368 3857 intacti
1391 3811 1590 3872 permancant,
1622 3804 1763 3859 constitui·

138 3886 195 3952 rii,
224 3884 344 3958 singulas
361 3887 532 3957 supradictas
552 3887 772 3959 quamagesimas
796 3901 857 3943 enm
883 3901 926 3942 se·
974 3905 1061 3947 mus:

138 3976 283 4046 queatibns
297 3978 539 4049 annispceniteat,
552 3989 580 4035 et
597 3979 805 4050 quadringentos
824 3977 925 4035 solidos
1009 3981 1036 4036 l.
1056 3981 1092 4039 Ut
1109 3981 1132 4038 si
1149 3982 1210 4052 quis
1223 3981 1416 4037 subdiaconum
1433 3983 1612 4038 calumniatus
1629 3982 1720 4050 luerit,
1736 3992 1765 4040 et
1808 3990 1812 3995 '

134 4080 199 4124 crim
211 4067 290 4139 tripla
307 4082 356 4123 sua
369 4070 564 4140 compositione
576 4079 603 4126 et
619 4069 815 4139 episcopalibus
829 4069 924 4148 lianiiis
972 4072 1149 4138 convaluerit,
1171 4073 1336 4142 poenitentia
1356 4072 1486 4127 canonica
1506 4073 1651 4143 poeniteat,
1670 4083 1697 4128 et
1710 4082 1765 4128 tre-

136 4158 290 4228 triplicibus
304 4158 315 4191 ·
330 4159 455 4230 episeopo
474 4169 627 4231 componit.
746 4192 750 4196 -
974 4161 1176 4218 centossolidos
1187 4161 1312 4231 episcopo
1323 4169 1476 4229 componat.
1488 4161 1554 4216 Etsi
1572 4160 1762 4219 mortuusiuc‹
1803 4185 1806 4191 ·

172 4245 201 4300 2
213 4247 242 4303 Si
254 4247 315 4318 quis
327 4248 469 4305 diaconum
488 4249 668 4306 calumniatus
675 4248 768 4317 inerit,
783 4258 811 4306 et
826 4266 925 4308 conva-
974 4251 1020 4317 rii,
1031 4251 1105 4306 iuxta
1117 4250 1145 4306 id
1156 4252 1227 4321 quod
1245 4264 1362 4306 canones
1384 4249 1552 4321 praecipiunt
1572 4254 1724 4318 poenieat,
1736 4259 1765 4308 ct

136 4333 229 4404 barii,
242 4351 290 4394 sex
305 4338 523 4410 quadragesimas
542 4340 601 4397 sine
613 4342 729 4398 subditis
739 4343 817 4398 annis
832 4344 925 4414 poeni-
973 4341 1182 4411 quadringentos
1192 4340 1292 4397 solidos
1303 4341 1429 4410 episcopo
1439 4347 1592 4409 componat.

138 4433 203 4493 teat,
212 4435 242 4482 et
260 4428 470 4500 quaddngentss
481 4430 583 4488 solidos
595 4447 656 4487 euin
668 4433 862 4503 compositione
875 4449 924 4489 siia
1008 4429 1037 4484 2.
1049 4428 1079 4484 Si
1090 4430 1232 4485 diaeonuin
1246 4428 1267 4461 ⁸’
1278 4430 1457 4484 calumniatus
1468 4428 1562 4495 luerit,
1575 4438 1601 4484 ot
1622 4429 1768 4486 convalue-

139 4526 166 4572 et
183 4519 380 4589 episcopalibus
392 4520 488 4576 bannis
499 4524 625 4592 episeopo
636 4523 657 4554 ¹⁰
671 4531 823 4592 componat.
837 4523 865 4578 Si
877 4540 925 4578 au·
975 4522 1026 4588 rit,
1047 4521 1181 4591 poeniteat
1201 4522 1348 4577 secundum
1368 4537 1495 4586 cationes,
1507 4529 1535 4577 ct
1555 4521 1766 4592 quadringentos

140 4615 193 4662 teni
209 4618 332 4667 mortuus
352 4608 450 4679 inerit,
465 4612 584 4683 singulas
605 4614 772 4683 supradictas
792 4629 839 4669 ser
857 4630 924 4684 qua·
975 4613 1075 4668 solidos
1095 4612 1220 4682 episcopo
1243 4613 1265 4643 ²⁰
1287 4620 1439 4682 componat.
1463 4613 1492 4667 si
1513 4627 1567 4667 uon
1587 4614 1764 4680 convaluerit,

139 4696 304 4767 dragesimas
328 4715 390 4756 cum
416 4702 590 4771 sequentibus
620 4703 698 4758 annis
722 4703 874 4772 poeniteat,
897 4713 926 4758 et
974 4703 1049 4758 iuxta
1067 4712 1209 4773 praccepta
1228 4703 1382 4774 synodalica
1406 4705 1553 4774 poeniteat,
1577 4712 1604 4761 ct
1624 4713 1765 4763 sexcentos

141 4795 284 4845 sexcentos
300 4790 400 4848 solidos
423 4805 485 4846 eum
510 4792 590 4862 tripla
613 4807 663 4848 sua
688 4793 882 4863 ronipositioue
897 4802 926 4850 et
975 4793 1209 4864 solidosepisrapo
1219 4784 1373 4863 componat.

142 4878 337 4949 episcopalibus
360 4880 457 4937 bannis
476 4881 625 4952 triplicibus
654 4881 676 4914 ¹¹
699 4882 824 4954 episeopo
849 4898 924 4941 com·
1010 4884 1038 4939 ὅ.
1050 4884 1079 4938 si
1099 4884 1239 4955 presbyter
1258 4885 1329 4938 male
1341 4885 1564 4941 naeuiustuerit
1576 4886 1598 4917 '¹
1610 4893 1638 4941 ct
1658 4899 1766 4954 spassa

141 4975 234 5034 ponat.
371 4972 398 5026 i>
976 4973 1056 5039 verit,
1070 4972 1216 5029 seeundum
1230 4975 1290 5031 eius
1306 4975 1425 5045 episcopi
1446 4975 1607 5031 sententiam
1628 4975 1764 5044 poeniteat

157 5057 202 5111 'b
216 5056 505 5132 Siquispiesbiterum
527 5062 835 5119 calumniatusiueritet
848 5079 927 5134 spas-
976 5064 1004 5120 iii
1015 5065 1092 5120 cuius
1104 5064 1233 5122 territorii
1247 5073 1380 5136 potestate
1391 5080 1450 5121 esse
1460 5065 1611 5121 dinoscitur
1621 5066 1656 5119 ”.
1674 5063 1703 5118 Si
1714 5078 1763 5118 aii·

750 5172 941 5230 VdedNTES
955 5172 1155 5231 unctiones

1149 2683 1301 2725 ΟΛΡΙΊὌΙᾸΙΙ
1333 2683 1570 2724 ΑΕΕΕΙ.ΕδΙι18Τ1111ὶ1

177 5257 368 5314 ¹baccantium
380 5260 414 5315 B.
460 5261 777 5331 'stipplicareulurcdm
801 5261 983 5331 supplicarent
1005 5264 1031 5318 1.
1052 5264 1249 5335 supplicaretur
1263 5224 1296 5321 n.
1348 5266 1525 5339 ⁸synodalica
1548 5265 1576 5321 2.
1629 5266 1762 5326 ‘deertb

144 5322 237 5451 :ia
251 5329 433 5454 rerer
1097 5336 1246 5460 reret
1290 5337 1313 5438 ι
1526 5336 1572 5438 ι
1587 5336 1711 5462 ..ιιι
1735 5340 1762 5396 ¹·

144 5464 240 5548 barolo
263 5474 290 5523 et
312 5467 406 5551 primis
427 5438 533 5552 (labiae¹
549 5479 577 5526 et
598 5441 758 5527 Germaniae
772 5441 960 5530 conlaudatum
986 5481 1014 5528 et
1036 5423 1217 5545 subseripetuin
1237 5422 1444 5530 durcbcililiilre'et
1458 5444 1514 5530 lvo.
1569 5477 1589 5508 ¹¹
1612 5422 1765 5534 bludoi'slicg

144 5546 221 5605 pioet
236 5536 370 5594 blotbauo
383 5541 588 5609 imperatoribus
603 5542 748 5597 constituta
769 5550 823 5596 eta
838 5543 931 5611 primis
945 5542 1047 5599 Galliac
1069 5544 1230 5600 Germaniae
1247 5543 1280 5599 G.
1331 5546 1352 5578 ¹⁸
1367 5561 1438 5601 anno
1462 5546 1532 5614 apud
1549 5544 1701 5601 Tlicodonis
1715 5549 1766 5602 vil-

146 5605 348 5750 mperes&
364 5608 515 5749 ἓιιίῃινῖυξι.
530 5611 651 5736 ἐξέωσε
665 5613 691 5666 1.
728 5612 948 5684 ”presbyterum
966 5613 1026 5684 quis
1046 5613 1115 5669 male
1127 5614 1283 5671 tractaverit
1296 5613 1329 5670 B.
1378 5616 1401 5647 ¹¹
1417 5616 1765 5688 poeiiitcatnoiigentosso·
