3826 6112
750 115 761 141 Ι

133 229 188 289 9ὓι

580 220 611 275 lt.
627 215 752 273 cainoni
772 214 878 271 itacui
898 211 975 268 OPP.
998 212 1085 271 PARS
1105 216 1124 273 Ι.
1144 217 1265 277 sectio
1285 218 1306 275 l.

1723 219 1774 278 etit

133 345 321 418 quantitatem,
335 353 415 410 quam
434 337 492 406 ipse
503 341 588 388 tenet.
604 331 657 387 but
670 330 693 386 si
706 329 777 384 inter
790 343 838 385 eos
856 342 924 383 cori·
940 330 959 383 Α
975 341 1023 382 eos
1038 328 1126 384 missis
1139 332 1238 385 uestris
1254 331 1294 385 rel
1305 329 1448 387 comitibus
1461 327 1527 383 iussi
1541 336 1720 397 praesentare
1729 345 1777 384 nii·

134 416 248 475 venerit,
276 421 304 465 ut
328 426 377 479 pro
395 422 478 479 opere
503 402 625 458 faciendo
649 408 788 467 argeutum
811 398 923 461 donent,

134 486 207 541 iuxta
223 481 435 538 aestuationem
457 475 547 543 operis
568 473 594 525 in
618 478 729 538 argento
754 469 924 539 p··rsolvant;

134 569 196 610 cum
209 567 263 622 ono
287 550 372 620 pretio
395 553 482 600 rector
505 541 636 599 ecclesiae
656 541 689 593 ad
704 537 926 616 praediciauilie-

134 623 326 679 staurationem
364 616 504 684 epe-artos
534 610 686 666 eoirdiuere
724 617 751 660 et
786 615 924 660 materian

135 708 225 746 eruere
240 690 332 758 pessit.
350 690 380 739 tlt
394 685 438 752 qul
455 698 539 737 nnnas
552 689 579 734 et
591 680 708 733 decimas
721 677 785 731 dare
800 676 927 756 neglesc·

135 763 179 822 rit,
198 761 310 830 primuin
325 755 432 825 qriidein
447 754 505 806 illas
517 766 577 806 cuin
594 749 651 811 lege
664 763 711 801 sua
727 748 860 827 restituat,
883 761 925 797 in·

135 845 215 899 super
227 838 255 883 et
273 829 388 881 baniiuin
409 831 526 876 nostrum
541 821 629 874 solvat
646 825 708 894 :nt
729 825 763 868 itu
779 823 926 881 castigatus

134 906 239 961 careat,
256 914 290 951 ne
304 896 410 962 saepius
425 891 547 945 iterando
558 887 717 942 lirneficiinn
732 886 847 938 amittat.
864 904 877 950 ¹i

171 967 229 1022 lde.
248 967 286 1020 lie
300 967 349 1028 liis,
363 963 406 1033 qui
422 976 496 1031 egros
505 959 673 1012 dominicatus
683 973 696 1008 e
705 979 707 984 ·
716 955 800 1008 celere
812 954 927 1023 neglect·

135 1038 187 1093 rint
200 1040 219 1101 ¹,
228 1038 277 1089 ne¹
293 1049 374 1089 nonos
386 1049 418 1086 ea
429 1032 628 1099 eispersolounl.
645 1025 682 1078 lle
698 1025 742 1078 illo
755 1025 775 1087 ¹,
788 1024 833 1091 oni
848 1036 927 1086 agros

134 1107 315 1162 dominicatos
330 1111 470 1172 propterea
486 1100 602 1164 neglexit
616 1097 749 1158 excolere,
763 1103 791 1146 ιιι
802 1108 886 1146 nonas
898 1102 927 1146 et

135 1176 252 1236 decimas
266 1175 363 1228 exinde
384 1186 436 1224 rien
461 1168 647 1232 perculisset
671 1164 773 1218 alienas
792 1170 878 1216 terras
892 1161 927 1216 ad

135 1244 310 1300 excolendum
319 1250 428 1312 piriipter
439 1239 490 1292 boc
501 1236 607 1303 accipit,
616 1235 747 1292 uolumus.
757 1243 785 1286 ut
797 1232 831 1286 de
842 1234 926 1286 tribus

135 1315 212 1368 annis
236 1314 319 1381 ipsam
341 1325 439 1364 nitriam
455 1323 514 1361 cuin
536 1321 583 1358 sua
610 1305 667 1372 lege
686 1303 833 1370 persoluat.
857 1303 889 1354 lit
903 1302 925 1355 si

134 1384 194 1452 quis
206 1391 374 1447 contemptor
388 1388 434 1431 aut
453 1376 582 1431 cuniitruu
597 1383 643 1426 ant
658 1374 798 1426 missorum
818 1381 926 1425 nostro-

134 1467 193 1506 rum
208 1460 318 1521 propter
332 1452 383 1505 lioe
397 1446 527 1507 estiterit,
550 1458 598 1512 per
616 1444 787 1507 fideiussores
801 1441 833 1495 ad
853 1440 927 1509 pala·

136 1521 302 1575 tiumtenire
315 1518 492 1586 conpellatur.
738 1580 744 1590 ι
905 1578 910 1590 Ι

170 1589 232 1644 tot.
254 1588 320 1644 ftem
340 1584 518 1655 uliueopitulu
531 1583 551 1636 ι.
582 1582 619 1636 fle
633 1577 770 1634 beneflciis
784 1578 926 1633 destruens

977 396 1085 462 luerint,
1098 400 1262 468 praedictum
1277 402 1405 467 bannum,
1419 399 1498 453 idest
1511 398 1653 465 sexaginta
1666 398 1775 463 solitus,

976 480 1166 534 conponant.»
1199 472 1230 524 tlt
1253 470 1287 522 ad
1311 471 1380 524 lianc
1404 469 1627 523 cottsliittllnw‘tn
1656 477 1776 521 nosti-am

977 536 1173 604 adimplendam
1203 539 1321 602 eutseuo
1349 547 1376 594 et
1397 540 1518 600 abbates,
1533 539 1593 591 sire
1609 538 1711 605 reliqui
1734 538 1777 604 nui

977 606 1105 662 beneticia
1122 617 1212 664 nostra
1224 608 1333 670 babent,
1348 608 1473 672 adiuvent
1493 608 1608 661 criniites
1620 606 1648 659 in
1661 607 1718 659 suis
1730 608 1777 660 lio-

977 675 1091 730 minibus
1109 677 1308 744 distringendis.
1336 681 1366 732 tlt
1381 679 1404 732 si
1430 678 1544 732 coniites
1560 677 1632 729 banc
1656 689 1776 731 nostruin

977 749 1195 801 constitutionem
1208 748 1444 816 iicgleserint,tioc
1458 763 1507 814 per
1516 747 1614 800 missos
1626 749 1776 801 nostrosad

978 825 1095 867 nostram
1110 817 1236 871 noticiam
1253 817 1417 885 perferatur.

1010 884 1069 939 111.
1089 885 1128 943 tte
1140 887 1252 941 collectis
1267 887 1343 941 melis
1355 886 1510 941 omnimodis
1528 885 1692 939 iuliibeniis.
1710 885 1774 940 Col-

977 952 1062 1006 lectae
1073 955 1105 1008 ad
1118 957 1186 1010 male
1201 955 1350 1010 faciendum
1366 956 1423 1010 fleri
1437 955 1599 1010 omnimodis
1614 954 1776 1026 prohibean-

978 1032 1037 1082 tur:
1052 1034 1080 1076 et
1091 1025 1251 1095 ubicumque
1271 1026 1424 1080 biiiiuurodt
1438 1027 1677 1094 prae-uniptiunes
1693 1022 1777 1081 lai-tao

977 1091 1085 1155 inerint,
1099 1094 1178 1161 digna
1190 1095 1379 1150 emendatione
1390 1096 1568 1161 corrigantur.
1586 1093 1620 1147 Et
1635 1094 1721 1163 siper
1736 1112 1777 1148 ue

976 1162 1137 1232 glegentiain
1159 1165 1265 1218 coiuitis
1286 1165 1329 1219 uel
1344 1165 1431 1218 factae
1445 1173 1507 1218 sunt
1524 1163 1568 1216 riri
1584 1164 1777 1219 inemendatae

977 1242 1174 1298 reirianserniit,
1199 1235 1250 1289 lioc
1272 1234 1304 1288 ad
1330 1243 1447 1290 nostram
1472 1232 1596 1287 notitiam
1614 1231 1776 1300 perferatur.

976 1301 1080 1355 buitur
1100 1319 1163 1358 vero
1177 1303 1239 1357 niun
1254 1305 1276 1358 si
1292 1304 1371 1358 fuerit
1387 1305 1557 1370 praepositus
1573 1303 1616 1357 uel
1633 1303 1778 1358 advocates

976 1371 1033 1424 sire
1046 1375 1216 1428 centenarius
1231 1374 1272 1427 rel
1287 1374 1411 1442 qnalibet
1422 1374 1473 1426 alia
1484 1373 1618 1440 dignitate
1634 1373 1777 1441 praedits¹

977 1439 1061 1494 libera
1082 1457 1208 1510 persona,
1228 1455 1288 1512 pest
1307 1444 1418 1510 legalem
1432 1442 1656 1498 emendationem
1678 1442 1705 1496 in
1720 1443 1777 1499 loco

976 1509 1073 1564 fictam
1098 1517 1147 1565 sirii
1176 1512 1378 1568 fideiussoribus
1397 1513 1430 1566 ad
1454 1521 1573 1567 nostram
1594 1515 1777 1580 praesentiam

977 1581 1078 1636 ueniat.
1101 1582 1240 1637 lliiltitude
1255 1598 1327 1644 iero,
1349 1584 1406 1637 sive
1420 1582 1550 1636 deservis
1563 1582 1624 1638 sive
1639 1581 1674 1635 de
1688 1581 1780 1639 liberis

134 1660 187 1714 bec
202 1659 368 1722 obervetur,
383 1654 454 1726 quod
468 1654 494 1706 iii
509 1651 656 1716 capitulare
668 1650 748 1718 priori
760 1649 925 1712 continetur,
945 1683 965 1741 Β
979 1650 1022 1707 sit.
1037 1651 1154 1718 legitima
1167 1652 1357 1707 emendatione
1373 1654 1511 1705 nuntietur,

134 1729 216 1783 idest
240 1729 266 1785 in
285 1728 353 1781 libro
371 1727 387 1776 ι
410 1723 527 1791 capitulo
542 1721 587 1786 bd,
602 1720 636 1773 de
651 1733 684 1773 eo
705 1719 751 1788 qui
768 1718 925 1771 innelicinm
1015 1718 1065 1772 tte
1098 1720 1133 1774 tii
1145 1730 1234 1791 pontes
1249 1722 1356 1792 publici,
1370 1723 1412 1790 qni
1427 1720 1551 1775 destructi
1567 1720 1679 1791 fuerim,
1688 1721 1779 1776 iterun

135 1799 273 1856 desertum
296 1795 390 1851 fecerit
400 1795 421 1846 ¹.
452 1791 646 1858 «Quicumque
667 1789 824 1842 beneficium
848 1803 926 1841 suuni

135 1869 279 1928 occasione
293 1865 392 1935 proprii
403 1863 537 1916 desertum
551 1856 683 1915 timuerit.
697 1867 725 1913 ct
737 1858 805 1911 intio
816 1872 927 1922 anuum,

136 1947 279 2060 'instoriam
292 1937 316 1989 ei
328 1951 342 1988 a
354 1933 454 1988 comite
467 1930 507 1984 iel
521 1930 602 1983 inisse
618 1937 711 1981 nostro
721 1935 814 1981 notum
830 1926 927 1980 lactuui

148 2024 156 2058 1

156 2009 225 2069 ierit,
242 2007 305 2060 illud
327 2004 498 2059 emendatum
520 2015 574 2054 nun
597 1997 730 2065 babuerit,
747 1997 832 2065 ipsum
849 2000 930 2050 liene·

47 2130 49 2134 ⁴
136 2074 225 2131 licium
241 2077 356 2135 amittat.
376 2091 385 2124 i

172 2146 234 2200 tud.
256 2145 294 2198 fle
314 2143 388 2197 molis
402 2139 513 2194 scabinis
535 2136 667 2192 clientiis.
696 2133 730 2192 tn
751 2135 823 2189 missi
846 2133 929 2188 nostri

136 2217 299 2283 ubicumque
322 2213 544 2266 matisconens
560 2207 707 2272 tui-einum,
731 2206 830 2259 eiciant
843 2217 870 2258 et
890 2213 931 2258 to-

137 2288 190 2343 tius
204 2276 294 2356 popii'i
309 2295 444 2337 consensu
458 2280 484 2333 io
499 2280 586 2333 lecum
601 2291 694 2331 eernni
710 2275 762 2329 bon
782 2290 795 2328 s
818 2275 929 2341 eligant.

138 2354 170 2409 Et
184 2371 244 2410 cuin
258 2352 337 2408 electi
353 2351 462 2414 fuerint,
485 2353 572 2402 iurare
588 2344 696 2410 faciant,
714 2355 741 2399 ut
756 2344 873 2399 scienter
888 2345 930 2399 in·

137 2426 207 2480 iuste
220 2424 341 2478 iudicare
353 2435 405 2474 uon
417 2419 543 2473 debeant.

176 2493 235 2547 itio.
258 2491 295 2546 De
315 2491 365 2544 mel
376 2488 461 2542 oribus
485 2496 509 2541 et
529 2484 658 2539 ueracibus
684 2483 819 2552 eligendis.
844 2479 877 2534 Ut
904 2480 930 2535 in

138 2565 211 2619 ouini
223 2561 352 2617 comitatu
364 2560 401 2620 bi,
413 2558 458 2626 qui
473 2559 598 2610 meliores
610 2564 637 2606 et
652 2555 801 2608 ieraeiuies
815 2551 930 2631 inueniri

138 2642 262 2700 possunt,
286 2630 447 2695 eligantura
471 2625 559 2679 missis
579 2624 676 2676 urseris
699 2621 732 2673 ad
747 2622 932 2689 inquisitiones

139 2700 273 2756 faciundas
296 2707 323 2752 et
342 2698 381 2752 rei
403 2695 542 2748 ueritatem
565 2692 725 2756 dicendain;
747 2701 775 2744 et
796 2690 932 2746 adiutores

138 2773 265 2829 comitum
280 2768 334 2823 sint
346 2767 378 2819 ad
393 2768 445 2819 inst
456 2767 506 2819 tias
520 2762 665 2817 faciendas.

175 2837 235 2893 tet.
258 2835 429 2899 beatudinis,
463 2837 487 2885 ui
501 2840 605 2903 propter
616 2846 722 2884 munero
733 2839 777 2883 aut
791 2830 932 2885 amicitiant

138 2911 218 2965 iniust
245 2906 424 2962 iudicenriui.
445 2852 586 2967 intumus,
606 2908 635 2955 ut
650 2899 812 2970 quicumque
826 2903 858 2954 de
872 2914 932 2954 sca·

139 2981 210 3036 birris
223 2977 408 3048 deprcliensus
419 2972 497 3027 fuerit
512 2981 622 3052 propter
635 2984 747 3023 munera
762 2979 809 3022 ant
822 2981 932 3039 propter

139 3049 285 3105 amicitiam
301 3046 344 3100 rel
362 3042 527 3099 inimicitiam
552 3041 650 3095 iniuste
669 3038 812 3105 indicasse,
841 3049 869 3092 ut
883 3027 967 3107 perC

140 3119 314 3174 fideiussores
339 3115 436 3169 missus
449 3116 482 3166 ast
504 3110 681 3192 praesentiam
697 3117 817 3162 nostram
833 3111 932 3162 ueniat.

139 3189 179 3244 lic
193 3195 285 3243 cetero
301 3200 335 3239 ou
349 3185 425 3238 ninus
438 3182 554 3235 scabinis
566 3179 750 3243 denuntietur,
766 3193 800 3232 nc
814 3179 873 3246 ouis
884 3177 932 3232 de·

139 3258 233 3325 inceps
246 3258 325 3310 etiarn
341 3254 439 3309 iustum
452 3250 578 3307 iudiciuin
591 3254 705 3302 retulere
719 3258 883 3318 praesumat.

176 3326 237 3381 108.
259 3324 297 3380 De
312 3324 431 3394 legitimis
446 3318 680 3377 circuientibus
694 3315 934 3372 commutationibus

139 3395 325 3452 aecclesiarum
344 3392 402 3446 fici.
429 3390 478 3448 Ubi
499 3398 725 3444 commutationes
744 3397 798 3440 tani
813 3397 934 3457 ternpore

140 3475 235 3522 nostro
256 3476 391 3534 quamque
404 3459 534 3530 genitoris
551 3459 634 3513 nostri
659 3458 793 3523 legitimae
807 3464 833 3512 et
848 3456 933 3512 ratio-

139 3535 244 3589 nabiles
271 3542 351 3601 atque
375 3531 454 3589 utiles
477 3527 598 3582 ecclesiis
619 3525 706 3581 factae
728 3535 801 3590 sunt,
826 3541 932 3595 perma-

139 3613 232 3658 neant.
245 3599 412 3722 Ubicumpue
423 3613 488 3653 vero
501 3597 608 3651 inutiles
619 3605 647 3652 et
660 3597 844 3650 incoiiunedae
854 3605 934 3664 atoue

139 3670 343 3727 inrationabiles
376 3676 453 3722 actae
471 3672 543 3731 sunt,
566 3665 763 3728 dissolventem
778 3674 806 3718 et
822 3665 934 3734 recipiat

140 3740 334 3810 unusquisque,
346 3737 419 3806 qued
433 3735 515 3791 dedit.
531 3734 579 3798 ltbi
591 3749 656 3790 uero
666 3743 771 3788 uiortua
787 3749 880 3789 uanus
893 3735 933 3789 in-

140 3810 262 3870 teriacet.
281 3817 328 3863 aut
345 3806 395 3861 alie
421 3804 557 3875 quaelibet
569 3819 668 3869 eausa,
684 3817 753 3868 cuae
767 3804 934 3860 rationabilis

139 3895 201 3935 esse
224 3878 358 3942 rideatur,
381 3878 489 3931 inventa
506 3873 596 3938 luerit,
611 3873 752 3941 diligenter
767 3873 934 3929 describatur

138 3958 167 4006 et
176 3948 209 4003 ad
225 3956 343 4003 nostiam
358 3946 480 4003 notitiam
494 3944 655 4013 perferatur.

176 4017 235 4073 toti.
256 4017 295 4071 De
307 4034 348 4081 eo,
364 4020 405 4088 uui
425 4016 603 4084 comprobatus
615 4014 692 4083 fuerit
713 4022 788 4066 testes
803 4013 831 4064 in
846 4013 933 4082 periu-

138 4090 206 4144 rium
214 4090 322 4142 scienter
334 4086 477 4140 iiidnaisse.
489 4084 656 4153 Quicumque
671 4084 858 4151 corripiebatur
874 4085 931 4138 fne-

138 4160 174 4213 rit
187 4158 221 4212 dc
231 4172 275 4219 eu.
296 4156 367 4226 qued
382 4156 499 4210 scienter
515 4162 597 4208 testes
610 4155 635 4207 in
648 4153 723 4221 perio
741 4153 794 4206 ium
812 4152 932 4207 indutis·

138 4238 190 4292 set,
219 4227 270 4280 sub
295 4226 465 4281 litleiussione
486 4224 519 4277 ad
543 4223 669 4293 palatium
694 4230 814 4276 nostrum
840 4225 932 4277 reriire

138 4297 318 4366 conpellatur,
344 4305 372 4349 ut
392 4295 427 4349 ibi
443 4296 452 4323 ¹
467 4308 527 4349 cuni
551 4290 674 4346 fidelibus
691 4293 791 4345 nostris
803 4291 929 4346 conside·

138 4380 240 4431 remus,
257 4368 318 4429 iiuid
333 4365 367 4419 de
382 4364 427 4416 tuli
443 4363 574 4417 Ιιιιιιιιιιιιἵ
591 4362 658 4415 facie
678 4361 741 4414 deni
755 4361 800 4414 sit.

177 4434 237 4487 llll.
260 4435 293 4488 tn
315 4450 432 4487 nummos
452 4434 530 4487 iones
554 4432 639 4484 nntius
659 4439 771 4493 respuat.
792 4431 829 4484 lle
852 4431 929 4485 bonis

139 4501 256 4556 denariis
269 4542 275 4563 ,
292 4521 315 4571 ιιι
328 4519 359 4556 us
373 4501 486 4572 poiiulus
502 4502 622 4569 recipere
636 4515 690 4552 non
707 4500 779 4564 vult,
794 4500 927 4566 voluinus,

140 4583 171 4625 ut
184 4571 235 4625 lioc
248 4575 406 4626 oliserrctur
420 4583 447 4623 et
463 4570 677 4637 teneatur,t1uud
694 4570 718 4621 in
731 4568 812 4638 priori
826 4586 866 4637 cai
877 4571 929 4623 itti·

140 4641 198 4694 lare
211 4656 302 4694 nostro
317 4642 498 4707 couscriptum
513 4650 564 4698 est,
581 4639 657 4694 idest
670 4639 695 4691 in
708 4640 774 4693 libro
787 4639 904 4707 quarto¹
922 4654 929 4691 ε

143 4728 153 4760 ι
169 4710 333 4777 Quicumque
351 4711 418 4763 litier
432 4711 512 4762 luniio
526 4709 568 4762 vel
583 4709 609 4762 in
623 4709 760 4778 eruptione
776 4708 817 4762 rel
836 4710 862 4762 in
878 4709 926 4764 de·

141 4781 187 4834 biti
208 4779 341 4833 solutione
356 4779 493 4832 denarium
518 4792 620 4833 nicrum
635 4785 661 4831 et
677 4778 745 4831 bene
769 4789 926 4847 pensantem

139 4849 260 4918 recipere
273 4847 397 4911 noluerit,
409 4847 526 4900 liaiiiiiiin
542 4854 672 4911 nostruin,
686 4847 711 4900 id
726 4854 768 4900 est
786 4849 925 4917 sexaginta

139 4918 250 4981 solides,
265 4927 409 4984 conponat.
424 4915 451 4970 Si
466 4931 530 4970 uero
545 4917 613 4971 seiri
629 4916 802 4970 ecclesiastici
818 4930 864 4970 aut
879 4918 924 4973 lis-

140 4987 219 5040 caiini
235 4990 317 5040 nostri
332 4996 377 5039 aut
390 4987 517 5040 ceiiiituin
532 4993 579 5039 aut
591 4985 750 5039 vasallorum
772 4997 924 5041 nostrornm

141 5055 191 5109 boc
206 5058 292 5109 facere
316 5057 556 5124 praesumpserint,
578 5055 715 5121 sexaginta
733 5055 828 5110 ictibus
843 5072 925 5126 vapu-

141 5123 205 5178 lent.
222 5124 255 5180 tn
278 5125 300 5179 si
324 5136 429 5180 actores
443 5126 526 5179 nostri
542 5132 588 5178 aut
602 5124 716 5178 alioruin
736 5127 777 5177 uel
802 5126 924 5185 ailroeati

978 1799 1131 1843 extruentur
1147 1792 1168 1822 ¹¹
1196 1792 1233 1846 lle
1248 1792 1373 1859 pontibus
1385 1791 1497 1860 publicis
1510 1791 1659 1845 destructis
1682 1791 1780 1862 plat-nit

978 1859 1068 1923 nibis,
1087 1871 1115 1913 ιιι
1138 1860 1186 1927 bii,
1210 1863 1255 1930 qui
1272 1861 1416 1916 iussionem
1431 1869 1553 1915 nostram
1574 1862 1601 1913 in
1620 1863 1780 1930 reparandis

981 1929 1106 1995 pontibus
1128 1937 1362 2000 contempserunt,
1391 1931 1513 1983 uolumus
1540 1944 1572 1984 ac
1597 1929 1724 1986 iubemus
1753 1937 1780 1987 ui

980 2011 1075 2052 orienes
1090 2001 1212 2055 immines
1234 2001 1318 2054 nostri
1333 2000 1358 2055 in
1375 2006 1493 2054 nostram
1513 1999 1625 2053 ueniant
1650 2014 1780 2068 praeseu-

981 2067 1045 2120 tiani
1068 2071 1185 2124 rationes
1206 2071 1328 2132 reddere,
1344 2084 1392 2123 ciir
1414 2078 1533 2124 nostrum
1555 2069 1706 2122 iiissiunern
1725 2071 1780 2126 aiisi

980 2145 1042 2190 siiut
1055 2149 1254 2208 contempnere.
1263 2138 1478 2195 Criniitesautern
1492 2139 1607 2194 reddent
1619 2139 1692 2194 ¹¹rst
1704 2153 1780 2196 nuent

981 2206 1015 2261 de
1035 2223 1128 2263 eoruin
1150 2210 1325 2280 pagensibus,
1349 2224 1398 2263 cnr
1411 2223 1459 2263 eos
1473 2219 1519 2263 aut
1539 2224 1593 2262 nou
1610 2211 1781 2264 coiistriiise

983 2286 1054 2340 runt,
1066 2289 1094 2331 ut
1109 2276 1161 2333 lioc
1171 2278 1300 2335 licerent.
1312 2291 1358 2330 ain
1371 2277 1447 2336 nobis
1458 2279 1581 2332 nuntiare
1591 2280 1780 2338 emicuerunt.

982 2345 1110 2401 Similiter
1121 2357 1148 2400 et
1162 2349 1196 2401 de
1209 2349 1313 2402 iniustis
1329 2348 1453 2412 teloneis,
1465 2351 1631 2416 uocumque
1647 2349 1782 2418 accipiun-

930 2464 936 2475 ,
983 2427 1038 2478 tur,
1052 2416 1139 2470 sciant
1151 2432 1181 2472 se
1196 2417 1292 2472 estune
1307 2419 1384 2472 nuliis
1396 2422 1528 2472 rationein
1542 2419 1713 2472 redditnzes.

1020 2485 1071 2539 tte
1103 2486 1142 2540 De
1155 2489 1274 2541 eiuniinc
1288 2504 1370 2555 erperae
1380 2487 1500 2556 frigidae.
1519 2485 1554 2542 Ut
1564 2502 1684 2542 examen
1698 2502 1782 2558 aquae

984 2553 1106 2622 frigidae,
1132 2558 1202 2625 qiiod
1229 2558 1357 2611 liacteuiis
1376 2557 1550 2618 iaciebant,a
1570 2556 1664 2612 utissis
1685 2559 1782 2615 nostris

984 2627 1108 2680 omuibus
1125 2627 1308 2692 interdicatur,
1327 2643 1360 2682 nc
1376 2627 1488 2681 ulterius
1503 2627 1549 2678 liat
1567 2626 1602 2679 ¹¹.

1008 2692 1081 2748 tlt.
1099 2695 1137 2749 De
1151 2699 1259 2751 recensio
1278 2698 1403 2750 eremitis
1413 2707 1436 2748 ct
1448 2697 1602 2766 papensium
1619 2697 1651 2750 de
1661 2696 1751 2752 fiostfli
1760 2697 1782 2731 ¹¹

983 2766 1154 2836 erpeditierie.
1176 2778 1204 2819 ut
1226 2783 1258 2820 ee
1279 2784 1308 2820 eo
1323 2767 1365 2820 die
1386 2782 1462 2835 super
1475 2767 1656 2836 quodraginta
1673 2769 1730 2822 dies
1750 2771 1782 2823 ait

984 2837 1084 2890 bonnus
1110 2837 1212 2890 reisiis.
1247 2836 1392 2905 Postquain
1420 2850 1512 2890 coines
1533 2844 1560 2887 ιι
1589 2850 1723 2904 pagensis
1748 2840 1781 2894 dt

1003 2906 1103 2959 utilibet
1119 2905 1141 2936 ¹¹·
1154 2921 1213 2972 exii·
1224 2906 1325 2961 ditione
1339 2906 1429 2960 bestiti
1447 2913 1548 2960 reuersi
1563 2906 1678 2972 fuerint,
1696 2922 1729 2962 ex
1749 2923 1781 2964 eo

983 2922 1028 3029 die
1041 2986 1122 3055 snper
1143 2976 1319 3042 quailraginta
1337 2983 1431 3030 noctes
1443 2976 1478 3027 sit
1500 2975 1608 3030 bannus
1628 2978 1730 3030 re-isus
1747 2978 1779 3044 ¹¹,

983 3044 1054 3112 quod
1070 3048 1158 3113 lingua
1180 3044 1328 3101 Tlieuoisca
1340 3045 1464 3114 scatslegi
1479 3045 1511 3110 ¹¹,
1526 3044 1553 3098 id
1577 3058 1624 3100 est
1646 3062 1780 3104 areiertuu

983 3115 1127 3183 depositio.
1143 3124 1264 3168 vocatur.

1018 3183 1080 3237 titi.
1101 3183 1140 3238 De
1161 3185 1294 3237 audientia
1317 3185 1396 3255 repis.
1418 3183 1453 3237 Ει
1469 3185 1488 3216 ¹¹
1509 3195 1536 3238 ut
1549 3183 1659 3239 comites
1674 3194 1699 3239 et
1713 3186 1780 3240 iit'sti

983 3252 1105 3307 dominici
1123 3256 1263 3307 acosimum
1288 3269 1376 3307 cureat
1402 3254 1515 3308 liubeent
1543 3271 1702 3325 peripteris.
1727 3254 1780 3311 flos

983 3323 1056 3377 missi
1072 3325 1155 3376 nostri
1170 3333 1262 3377 nntnin
1276 3321 1375 3377 faciant
1387 3325 1530 3379 coinitibits
1543 3335 1571 3377 ct
1585 3325 1700 3393 populo,
1712 3323 1779 3447 atiud

984 3406 1033 3446 nus
1045 3393 1072 3444 in
1085 3393 1158 3445 omni
1174 3392 1321 3447 ebdemada
1337 3408 1418 3446 unuin
1431 3393 1502 3447 diem
1518 3392 1552 3447 ad
1565 3408 1710 3449 caiisasau
1731 3396 1780 3449 ien-

983 3461 1031 3516 das
1042 3471 1069 3514 et
1084 3462 1239 3517 iudicandas
1252 3462 1347 3516 sedere
1365 3463 1497 3519 tetuinus.
1514 3461 1640 3518 Ceniites
1652 3479 1741 3518 autern
1754 3470 1780 3517 el

983 3530 1057 3585 missi
1081 3532 1164 3586 nostri
1189 3547 1315 3599 magiurm
1339 3533 1455 3587 studium
1482 3533 1625 3590 batieaut.
1654 3548 1690 3588 ne
1713 3531 1778 3587 forts

984 3609 1094 3670 propter
1116 3617 1209 3656 eorum
1227 3602 1421 3670 neglegentiam
1438 3616 1572 3671 pauperes
1583 3603 1741 3657 crucientur
1752 3608 1779 3657 et

984 3681 1033 3725 nos
1058 3669 1174 3725 taedium
1194 3680 1305 3741 propter
1328 3686 1420 3725 eorum
1444 3670 1578 3726 rumores
1594 3670 1776 3742 pallantiansi

983 3747 1101 3795 uestram
1124 3741 1236 3807 gratiani
1251 3741 1352 3794 babere
1365 3741 1459 3794 velint.
1480 3741 1585 3810 Populo
1601 3751 1693 3796 autem
1706 3741 1775 3801 dics·

985 3817 1038 3875 tur,
1053 3817 1081 3862 ιιι
1095 3817 1189 3864 careat
1209 3809 1244 3864 de
1268 3810 1326 3863 aliis
1340 3810 1426 3865 causis
1445 3825 1474 3866 se
1488 3809 1523 3865 ad
1550 3825 1602 3865 nes
1622 3814 1774 3874 reclamare,

983 3879 1034 3932 nisi
1050 3877 1083 3932 de
1096 3878 1193 3946 quibus
1205 3887 1251 3932 aut
1266 3879 1339 3935 missi
1358 3879 1444 3936 nostri
1457 3889 1504 3934 aut
1517 3882 1635 3936 comites
1648 3883 1689 3934 eis
1703 3880 1773 3934 iuu-

984 3948 1034 4002 tias
1049 3947 1139 4003 facere
1154 3948 1298 4003 noluerint.

1019 4017 1078 4070 fili.
1101 4014 1139 4069 De
1152 4017 1311 4087 inferendae
1325 4017 1426 4073 riceriis
1437 4018 1476 4072 ecl
1486 4020 1545 4072 eliis
1558 4021 1648 4074 missis
1660 4018 1772 4073 comitans

983 4089 1120 4158 exigendo.
1145 4085 1311 4157 Quicumque
1333 4089 1423 4143 riceii
1440 4097 1481 4142 vet
1497 4091 1541 4142 alii
1558 4089 1675 4143 ministri
1694 4086 1770 4143 couti·

984 4165 1040 4211 tuni
1054 4156 1192 4212 tributum.
1210 4162 1281 4224 qued
1292 4155 1429 4213 inferenda
1442 4167 1563 4222 vocatur,
1576 4159 1689 4213 nisioris
1701 4154 1769 4226 preti

983 4228 1118 4297 apopulu
1144 4226 1252 4294 exigere
1275 4230 1484 4298 praesumpserit
1500 4229 1532 4293 ¹¹,
1555 4243 1640 4294 quain
1663 4226 1769 4283 ambiit

983 4296 1072 4351 bonae
1096 4296 1243 4349 maineriae
1260 4297 1390 4362 genitoris
1414 4296 1499 4352 nestri
1523 4299 1658 4352 constitut
1677 4313 1702 4350 iu
1716 4293 1767 4358 fait,

946 4366 1035 4431 olioc
1049 4373 1090 4418 est
1111 4366 1178 4419 dues
1192 4364 1293 4418 solides
1308 4382 1356 4435 pro
1371 4382 1424 4420 una
1440 4382 1521 4420 sacra
1544 4382 1551 4419 a
1574 4368 1629 4422 iioc
1649 4367 1720 4435 quod
1732 4365 1767 4418 is·

982 4437 1052 4489 iuste
1064 4449 1094 4490 su
1115 4435 1235 4502 erposuit
1256 4444 1336 4505 atque
1351 4436 1461 4491 abstulit
1475 4436 1581 4506 sititque
1595 4436 1715 4498 retinuit,
1733 4433 1767 4486 bit

980 4506 1076 4573 quibin
1098 4449 1150 4558 iioc
1162 4504 1230 4568 tulit,
1246 4519 1307 4558 cuin
1328 4520 1374 4558 sua
1398 4507 1456 4573 lege
1475 4507 1613 4574 retituet,
1627 4514 1656 4560 et
1670 4505 1767 4573 insuper

980 4574 1085 4628 fredum
1102 4581 1221 4626 nostruin
1237 4584 1374 4642 conponat
1388 4586 1416 4629 et
1430 4574 1611 4629 tribunorum
1625 4575 1738 4626 aiiiittst.

1018 4643 1077 4696 117,
1099 4642 1137 4695 De
1149 4659 1189 4705 eo,
1199 4644 1242 4712 qui
1254 4644 1532 4712 proptercupiditatem
1544 4660 1630 4697 rerum
1641 4657 1768 4712 qums·

980 4731 1028 4785 pue
1049 4714 1251 4783 propinquorum
1268 4712 1288 4742 ¹¹
1303 4713 1467 4785 interfecerit.
1483 4714 1654 4783 Quicuntque
1668 4722 1767 4837 Propter

980 4784 1155 4852 cupiditatem
1175 4796 1263 4835 reruin
1288 4791 1391 4848 patrem
1412 4794 1458 4836 aut
1472 4792 1588 4836 matrem
1606 4790 1653 4836 snt
1680 4791 1766 4835 istreu

979 4862 1026 4907 ant
1051 4866 1172 4905 sororem
1201 4852 1243 4905 iiel
1263 4864 1389 4919 nepotem
1415 4861 1462 4905 aut
1483 4852 1567 4905 alium
1598 4854 1766 4921 propinquum

978 4936 1056 4976 suuni
1072 4923 1112 4973 int
1129 4919 1246 4981 riccerit,
1269 4920 1404 4976 hereditas
1423 4921 1557 4975 interfecti
1580 4922 1615 4974 ad
1630 4922 1699 4976 alios
1711 4922 1766 4973 suos

979 4993 1113 5060 legitimos
1129 4990 1242 5043 heredes
1257 4994 1418 5058 perreniat;
1441 4989 1626 5047 interfectoris
1650 5007 1713 5045 iieru
1725 4989 1766 5041 be·

978 5063 1078 5116 reditas
1103 5062 1128 5112 in
1162 5059 1254 5113 liscum
1278 5058 1422 5127 redigatur.
1448 5060 1507 5129 lpse
1533 5077 1601 5114 uere
1635 5062 1765 5114 ordinante

978 5131 1105 5202 episcope
1122 5128 1243 5196 publicae
1261 5130 1442 5198 poenitentiae
1455 5129 1600 5184 subdatur.

768 5212 963 5278 tentantes
982 5215 1181 5275 beelmans.

179 5302 574 5374 ¹neglegnntfiol.¹dcestd.
613 5302 735 5356 ³tttisd.
774 5302 858 5360 ·oui.
877 5307 1227 5365 bebeueflciisdestrnctis.
1267 5305 1765 5378 ¹de...feceritnoaieopin'sriilrun

141 5373 232 5428 est.l›'.
257 5372 819 5444 ¹sicG.corneaubbouodboietclflul.
858 5379 912 5430 ¹ii.
930 5395 1007 5450 usque
1022 5380 1048 5431 b.
1065 5382 1156 5430 desunt
1169 5375 1202 5430 G.
1240 5375 1532 5446 ⁸cap.5eiie.u·ien.
1573 5376 1765 5446 'praedicenti

144 5443 163 5472 ¹⁰
174 5443 220 5494 lroc
231 5445 257 5495 iri
267 5445 353 5498 codice
363 5441 396 5496 G.
410 5460 462 5497 non
473 5444 633 5505 rubrumest,
647 5441 691 5495 sid
701 5458 817 5496 unocum
832 5447 1032 5517 reliquerimus
1045 5449 1177 5515 scriptum,
1190 5445 1388 5514 duobuscopiti'i
1407 5464 1419 5499 s
1432 5451 1467 5499 ito
1480 5448 1637 5501 coitiuiutis.
1683 5447 1702 5475 ¹¹
1715 5461 1766 5498 re:-

141 5510 275 5566 dantBul.
340 5511 501 5567 ¹‘lacialih
568 5511 744 5566 ¹³coiisilili'.
804 5515 823 5544 ¹¹
836 5520 1016 5586 qualicunque
1030 5516 1088 5570 bot.
1159 5516 1605 5585 ¹¹G.t'nnrorpiiie:velrecisus.
1667 5516 1766 5568 '‘scal-

143 5580 201 5644 liegi
216 5578 249 5633 G.
320 5582 340 5613 ¹¹
356 5582 382 5634 d.
397 5597 422 5634 a.
438 5598 459 5634 r.
476 5591 502 5634 et
518 5580 608 5632 disum
619 5579 663 5644 G,
679 5580 721 5632 ulii
734 5583 823 5648 priore
838 5586 930 5650 curritis
942 5585 1015 5642 turbu
1028 5602 1106 5655 usque
1120 5584 1154 5638 ud
1170 5587 1292 5641 uolumus
1306 5588 1332 5638 in
1349 5587 1401 5653 ,tui
1413 5584 1593 5656 praecedentis
1610 5587 1766 5639 oasitanum

145 5648 166 5678 ¹¹
180 5653 357 5721 praesumpsit
369 5651 401 5706 G.
458 5651 479 5681 ¹¹
492 5668 520 5722 p.
533 5665 641 5706 suerunt
654 5649 713 5704 fiel.
