3826 6112
97 274 132 332 ι’»
549 271 662 329 cobux
682 270 944 328 birinummcus.
960 270 1275 326 -ruobuuouuuu
1597 323 1599 327 ,
1696 272 1731 327 ιι

94 407 126 448 us
203 388 357 459 perducant.
373 385 407 441 Et
428 386 501 439 nobis
519 387 624 440 omnino
648 387 803 439 annuntiem
827 386 885 455 quis
900 390 924 449 A
938 401 990 455 qun
1008 402 1096 465 rapum
1108 385 1281 455 crpitularia,
1295 388 1362 440 sicut
1373 387 1400 440 in
1416 387 1481 441 libro
1501 386 1585 457 primo
1598 389 1731 461 Capitulu-

94 463 123 516 ιιι
143 468 299 516 ecanameu
312 457 407 511 bonum
429 456 477 508 boc
499 455 571 508 odins
588 455 640 509 lere
659 455 801 518 habuisset,
825 465 853 508 ut
870 472 887 506 a

97 530 151 584 iteo
166 538 191 583 et
203 546 220 582 n
232 527 305 581 nobis
316 527 429 596 qratiam
449 524 542 578 babeat
557 473 650 594 (lbra,
669 524 714 578 lib.
733 540 765 586 r,
784 541 807 577 c.
822 523 885 588 260,

95 610 120 653 et
139 599 187 652 lib.
199 614 239 663 rr,
250 613 308 667 cup.
321 595 396 664 aad).
409 596 446 648 Ea
459 593 580 648 decansa
594 594 706 649 Carolus
716 594 814 648 cnlrns
825 610 886 647 eum

94 670 216 724 edietum
242 666 423 721 constitueret
446 664 473 716 iu
485 664 623 719 carisiaco
635 664 736 733 paulatin
745 680 809 717 ιιιιι.
823 664 885 727 ulti,

94 739 233 794 statuitur
245 736 309 791 iilud
324 736 352 788 iu
366 733 465 804 palatio
482 737 552 804 apud
572 734 769 789 cnrredlarium
786 734 886 788 retinc-

95 817 182 869 retnr,
199 816 226 861 et
240 806 302 860 inde
321 820 371 873 per
389 805 483 859 iiissos
503 805 672 873 dirigeretur.
689 802 830 884 Propterea
842 820 886 856 ne-

93 878 239 932 cessarium
259 874 394 938 dammas,
415 875 513 942 inquit,
526 883 554 927 ut
574 873 824 927 commendationem
840 889 887 925 no-

93 958 179 1002 strum
200 962 233 1000 ea
251 945 302 999 lios
321 945 433 998 scribere
460 961 488 997 ro
507 960 619 1008 aremus,
638 959 696 1013 quie
716 958 749 996 es
769 959 840 995 rnore
860 943 888 994 in

94 1027 185 1071 sostrs
198 1015 297 1085 palatio
319 1013 390 1083 opud
409 961 594 1067 cancellarium
616 1015 769 1076 retineatur,
781 1022 805 1066 et
827 1011 888 1065 inde

93 1103 141 1156 per
155 1085 252 1140 Missos
275 1093 377 1137 nostros
400 1083 546 1152 diripatur,·
566 1093 593 1136 ut
614 1099 690 1137 nemo
702 1098 749 1150 per
765 1082 888 1151 ipnoron·

93 1165 171 1218 turm,
183 1170 259 1209 mmo
281 1170 327 1236 per
341 1153 499 1206 industrium
513 1152 545 1205 ab
559 1169 589 1206 en
607 1152 691 1205 ualeat
714 1150 827 1205 derisere.
855 1151 888 1205 bt

94 1225 123 1280 in
142 1225 196 1279 line
208 1224 289 1279 edicti
303 1222 356 1277 ista
366 1223 501 1277 addantur
514 1239 520 1274 :
532 1221 610 1275 lianc
620 1232 707 1275 autern
729 1231 844 1274 nostrum
855 1221 888 1274 de

92 1294 218 1365 presenti
227 1303 341 1363 ternpore
352 1292 572 1354 constitutionem,
587 1290 659 1344 soluo
673 1292 701 1343 in
710 1291 887 1360 postmodum,

94 1374 124 1418 st
134 1364 262 1427 diximus,
276 1378 308 1416 es
323 1363 372 1416 boe
390 1361 609 1430 predecessorum
625 1369 771 1414 nostrorum
790 1361 887 1413 consti·

94 1435 205 1496 tutione,
218 1443 243 1486 et
255 1434 283 1486 in
330 1430 394 1484 lotio
405 1440 494 1484 nostro
505 1441 527 1484 et
541 1431 567 1485 in
576 1430 732 1492 ciuitatibus,
745 1439 768 1482 et
781 1431 808 1483 in
821 1429 887 1483 ural-

94 1502 127 1557 lis
144 1500 440 1573 atqueinpaeitis,sen
464 1500 634 1554 inmerentis
657 1499 707 1552 rele
728 1501 744 1562 ',
762 1498 887 1568 adcopni-

94 1573 147 1654 tasi
163 1571 339 1710 zpburnmi
362 1568 517 1624 mandamns
538 1568 670 1642 (capitula
691 1517 779 1623 alcon
801 1567 886 1635 calm,

128 1709 498 1767 arbrenuntiamus
522 1724 617 1763 novam
643 1709 761 1778 aliquam
789 1709 885 1777 legem,

96 1783 221 1837 solebant
235 1795 312 1851 reges
326 1780 411 1834 ιιιιιιιι
420 1778 516 1848 jarbere
530 1780 569 1833 uti
582 1779 697 1849 plurima
713 1779 785 1834 illins
799 1794 888 1833 esern-

97 1852 181 1923 plaria
194 1852 300 1914 tierent,
315 1859 391 1904 ritca
406 1850 510 1905 ratione
529 1849 683 1904 conseruari
699 1858 808 1918 possent
820 1858 845 1903 et
862 1849 888 1904 iu

95 1923 234 1992 publicum
242 1920 339 1976 emitti.
353 1917 466 1974 caroius
477 1919 587 1990 biaguus
597 1917 750 1987 Capitniare
762 1919 825 1973 anui
837 1918 890 1973 uis

97 1994 281 2055 murstitneus,
304 1991 376 2059 qnod
399 1991 492 2044 datum
515 1998 557 2044 est
579 1988 669 2044 missis
691 1988 833 2044 dominicis
855 1989 890 2043 ad

97 2063 247 2118 exercitum
259 2060 480 2131 promovendum,
495 2059 532 2113 ιιι
543 2058 621 2126 jnbet
637 2059 663 2113 in
677 2060 765 2129 eapite
777 2068 888 2113 octauo:

97 2131 179 2188 lstiss
194 2130 351 2201 capitularii
370 2127 488 2199 exemplo
503 2139 615 2210 quattuor
636 2127 754 2184 uolumus
774 2139 800 2182 ut
822 2128 890 2182 scri-

97 2203 203 2265 bantur,
217 2212 241 2255 et
255 2218 336 2255 unum
352 2201 463 2255 babeant
480 2200 553 2253 rnrssi
568 2199 661 2263 nostri,
678 2198 789 2253 alterurn
806 2214 890 2252 cantes

96 2275 123 2328 in
140 2273 220 2343 cujus
237 2271 387 2325 ministeriis
401 2272 457 2325 isac
475 2269 595 2338 iacienda
610 2279 684 2332 sunt,
705 2279 733 2323 ut
748 2268 824 2322 aliter
839 2284 890 2322 raon

96 2343 197 2414 [amant
216 2356 298 2411 neque
319 2340 414 2394 naissus
438 2348 524 2393 noster
545 2354 626 2460 nepus
646 2355 730 2392 coines
753 2339 803 2392 nisi
822 2338 890 2391 sicut

98 2412 199 2467 anons
208 2410 337 2481 Capitulis
348 2411 497 2464 ordinatum
508 2418 555 2462 est.
590 2408 683 2462 ertinns
695 2407 805 2461 lrabeaut
817 2408 890 2461 rrrissi

99 2483 181 2536 rostri
192 2481 238 2552 qui
248 2497 329 2550 ,super
345 2480 487 2534 exercitum
505 2487 622 2532 nostrum
632 2477 806 2531 constituendi
818 2487 888 2532 ιιιιιι.

100 2551 232 2618 Quartum
254 2551 347 2604 lrabeat
369 2548 541 2603 carrcellarius
562 2556 649 2601 rroster
669 2547 817 2618 (capitula,
843 2564 888 2600 an.

98 2622 160 2688 bii,
172 2638 233 2691 cap.
248 2622 288 2692 8).
311 2620 462 2675 Ludovicns
474 2618 538 2673 Pius
556 2618 585 2672 iu
601 2617 713 2686 epistota
726 2617 843 2688 gemmati
856 2617 890 2672 de

96 2691 212 2748 lormula
227 2690 405 2746 iustitutionis
420 2689 557 2745 canoniea
577 2688 721 2758 missaper
737 2686 890 2756 prouincias

97 2778 167 2818 suno
181 2760 244 2824 816,
255 2760 331 2830 jubet
344 2769 374 2814 nt
389 2758 510 2814 lorrnnise
524 2759 595 2813 iliius
609 2757 747 2828 cuempiar
760 2757 830 2825 apnd
842 2772 888 2810 ar-

97 2833 214 2887 marium
235 2831 330 2913 palatii
355 2831 517 2895 detineatur,
542 2839 569 2882 ut
592 2845 621 2882 eo
646 2828 751 2898 probari
772 2837 890 2896 patenter

96 2904 175 2972 possit
194 2919 254 2973 quis
272 2918 330 2955 eam
346 2901 476 2955 incuriose
494 2898 695 3022 transcripserit,
713 2897 750 2952 uel
766 2897 823 2967 quis
836 2895 888 2950 ali·

97 2989 176 3043 quam
195 2972 254 3042 ejus
276 2981 376 3042 partem
398 2971 567 3024 detruncarit.
615 2968 675 3023 dem
701 2968 727 3022 in
749 2967 889 3038 priuilegio

115 3043 166 3100 uod
180 3041 277 3098 eodem
291 3055 362 3094 urano
377 3040 512 3096 concessit
525 3039 650 3108 {luponis
663 3038 710 3108 qni
731 3038 759 3092 iu
775 3053 887 3108 reguum

97 3059 261 3169 graneoruur
276 3111 448 3181 perfugerant
465 3118 496 3163 nt
514 3125 543 3165 se
556 3108 766 3163 sarracenorum
792 3110 887 3163 iurma·
901 3106 924 3168 C
939 3115 987 3166 bus
999 3111 1124 3165 Romanis
1143 3111 1266 3164 adanrno
1279 3109 1419 3164 bausleno
1438 3121 1595 3180 imperatore
1612 3115 1732 3185 promul.

98 3185 175 3239 nitati
199 3182 408 3243 subtraherent,
434 3178 512 3248 jubet
533 3187 564 3234 nt
589 3179 660 3233 illins
682 3178 888 3235 Constitutiouis

939 471 998 507 rurn
1017 455 1192 524 imperialium
1215 458 1371 520 corrrinetur,
1395 457 1509 526 captitula
1530 456 1574 520 28,
1598 470 1625 512 ut
1644 461 1731 519 clerici

939 534 963 578 et
978 525 1109 588 monaclri,
1132 525 1154 578 si
1176 525 1284 579 interse
1307 526 1436 595 nepotium
1457 528 1564 597 aliquod
1583 528 1731 599 habuerint,

939 612 954 646 a
965 611 1014 647 suo
1025 595 1109 662 episco
1129 594 1309 663 ojndrcrntur,
1318 605 1342 648 rt
1351 612 1402 648 non
1412 613 1428 649 a
1439 597 1609 651 sacerdoribus
1618 599 1730 667 (Concil.

941 661 1035 721 Treui..
1053 681 1076 715 r.
1092 612 1130 732 il
1146 664 1217 718 Sanc
1232 664 1351 719 Ecclesia
1365 665 1487 735 probarit
1497 665 1662 735 capitularia
1677 671 1731 727 irn-

938 734 1049 802 periaiia
1062 743 1189 802 tanquam
1201 736 1343 804 regularia,
1357 744 1386 788 ut
1397 736 1559 790 llincmarns
1569 736 1732 811 docet(i‘'or·

938 802 1011 855 mula
1031 813 1142 873 promat.
1157 804 1246 873 episc..
1272 806 1312 858 tit.
1328 805 1367 866 18,
1384 822 1407 859 c.
1419 807 1456 874 ii),
1482 804 1509 859 id
1530 815 1579 867 est,
1604 816 1732 878 tanquam

938 882 1119 926 oonsnutanea
1141 874 1241 940 regulis
1257 875 1450 929 ecciesiasticis
1468 885 1495 930 et
1510 879 1659 932 carronibus
1673 882 1732 949 eqni-

938 943 989 1023 bns
1004 942 1124 996 Ecclesia
1143 945 1253 1013 regitur,
1268 953 1296 999 et
1310 945 1456 999 seeundum
1475 945 1520 1000 iiia
1533 946 1618 1001 ruinis
1632 956 1662 1002 ut
1679 966 1732 1020 pu·

939 1012 1009 1066 birca
1030 1012 1172 1082 disciplina
1188 1023 1334 1069 oorrsmrm.
1359 1015 1425 1069 Eam
1444 1016 1479 1070 ob
1499 1031 1607 1070 cansam
1620 1015 1732 1076 lierardi

939 1083 1133 1152 archiepiscopi
1147 1083 1311 1138 Turonensis
1321 1084 1453 1166 cnpitnla,
1471 1101 1531 1154 qnae
1547 1097 1655 1144 constat
1671 1104 1741 1147 esse,

938 1161 1047 1222 accepta
1057 1161 1087 1206 ct
1096 1153 1252 1208 abbreviata
1263 1169 1295 1209 ex
1309 1155 1384 1209 libris
1395 1154 1599 1224 capitularium,
1611 1170 1729 1230 excerpta

939 1222 1022 1277 inisse
1046 1222 1174 1276 dirnutnr
1195 1240 1227 1277 er
1248 1240 1356 1294 corpore
1379 1235 1687 1296 sarrrrorurnconanum3
1705 1238 1732 1286 et

937 1292 1060 1362 capitula
1078 1293 1153 1346 isaac
1174 1295 1292 1363 episcopi
1313 1294 1504 1364 lingonensis,
1527 1311 1587 1365 qua
1607 1298 1733 1354 similiter

937 1371 1064 1432 excerpta
1076 1371 1139 1417 snut
1152 1378 1185 1418 ex
1198 1364 1283 1418 tribus
1297 1365 1441 1434 postremis
1451 1365 1644 1435 capitularium
1656 1369 1733 1426 libris

938 1449 954 1486 ι
968 1433 1113 1488 Benedicta
1127 1433 1220 1487 Levita
1231 1435 1361 1498 collectis,
1378 1434 1496 1489 carrenses
1510 1435 1588 1490 lsaae
1600 1448 1732 1494 vocantur

938 1503 965 1556 iu
983 1503 1112 1558 chronico
1134 1504 1219 1558 saneti
1240 1504 1351 1574 benigni
1374 1504 1553 1560 libianensis.
1569 1505 1731 1578 Composuit,

938 1573 1026 1642 inquit
1042 1583 1137 1628 auctor
1150 1574 1269 1643 ejusdcm
1284 1574 1421 1636 (laconici,
1436 1584 1459 1629 et
1472 1575 1567 1629 librum
1578 1578 1622 1647 qni
1636 1578 1733 1633 dieitur

938 1642 1060 1699 cnsouns
1083 1645 1168 1708 issac,
1188 1661 1217 1698 eo
1236 1645 1305 1715 quod
1324 1644 1447 1698 selibris
1474 1662 1602 1699 canonum
1624 1647 1733 1702 utiliora

938 1729 1045 1783 queque
1055 1712 1183 1837 eligendo,
1191 1716 1218 1768 in
1229 1731 1309 1768 unum
1323 1713 1440 1769 uolumen
1449 1717 1732 1787 coarctareritliomJ

941 1779 1065 1853 Spicileq.
1110 1784 1209 1845 orben,
1222 1802 1248 1855 p.
1260 1784 1313 1837 iiii
1323 1785 1343 1855 l.
1366 1783 1493 1839 camdem
1507 1785 1542 1839 ob
1554 1801 1692 1846 consume
1712 1788 1735 1843 ι-

940 1854 1015 1922 scopi
1029 1853 1123 1924 synodi
1139 1853 1281 1909 bieldensis
1292 1863 1388 1923 petrum
1404 1869 1420 1907 a
1435 1852 1532 1909 carolo
1546 1854 1627 1911 cairo
1642 1868 1669 1911 ut
1703 1877 1734 1914 a·

939 1923 1023 1995 pitulo
1034 1923 1234 1977 ecclesiasticae
1248 1924 1343 1978 dorrrno
1355 1922 1450 1977 carolo
1459 1922 1556 1994 linquo
1566 1926 1732 1996 imperatore,

940 2009 1040 2047 necnon
1053 2003 1076 2047 et
1091 1993 1214 2047 ortamno
1226 1993 1356 2046 ludovico
1369 1992 1418 2046 Pio
1434 2004 1544 2062 anqusto
1573 1996 1731 2067 romuipata,

939 2062 1033 2116 obuiae
1055 2063 1185 2116 obseruari
1208 2063 1394 2132 precipiantur
1420 2061 1511 2132 (conc.
1528 2011 1609 2117 bald.
1637 2083 1661 2119 e.
1675 2066 1731 2137 78).

940 2130 974 2186 Et
998 2133 1025 2186 iu
1047 2135 1149 2204 synodo
1174 2132 1373 2186 ilarennatensi
1398 2131 1488 2186 babitu
1507 2148 1579 2187 anno
1598 2135 1659 2201 abt,
1688 2137 1732 2193 cni

939 2201 1057 2258 loannes
1075 2219 1143 2273 papa
1162 2202 1194 2257 lx
1213 2211 1240 2257 ct
1256 2202 1416 2256 lambertus
1440 2202 1588 2272 imperator
1607 2205 1733 2263 interlue-

940 2284 1012 2335 runt,
1040 2282 1102 2327 ante
1125 2274 1215 2327 omma
1238 2273 1275 2326 ιιι
1295 2281 1425 2327 statutum
1445 2281 1487 2327 est
1506 2274 1539 2328 de
1558 2274 1733 2333 obscrrandis

940 2345 1095 2397 eorumdem
1109 2344 1194 2412 prinei
1215 2359 1259 2396 ιιιιι
1271 2342 1470 2412 Capitularibns
1486 2361 1493 2399 ι
1514 2343 1614 2416 Siquis
1629 2357 1733 2402 sancto-

941 2430 999 2466 rum
1012 2412 1122 2466 Patrum
1134 2359 1237 2483 repulus
1248 2414 1438 2481 contempserit,
1450 2421 1474 2465 ct
1484 2413 1732 2484 clariosissimorum

940 2484 1137 2552 imperatorum,
1160 2482 1249 2536 caroli
1269 2482 1385 2536 uidelicet
1407 2481 1498 2551 linqui
1517 2484 1691 2553 imperatoris,
1707 2495 1733 2542 ιι

940 2551 1063 2605 badonici
1076 2562 1102 2605 nt
1122 2569 1152 2605 ne
1166 2552 1292 2615 lotlrarii,
1306 2568 1404 2605 necnon
1421 2562 1447 2605 et
1462 2552 1512 2621 ptri
1525 2554 1583 2623 ejrrs
1597 2555 1732 2624 cudarim,

939 2639 998 2691 qua
1014 2622 1045 2675 cle
1060 2571 1241 2676 aeclesiasticis
1257 2621 1364 2675 decimis
1387 2623 1519 2675 incorum
1537 2622 1732 2695 capitularibus

940 2701 1038 2746 statuta
1054 2703 1130 2773 utque
1141 2693 1243 2745 sancito
1256 2699 1316 2745 snut
1330 2708 1382 2745 nan
1393 2692 1574 2757 obscuraverit,
1587 2705 1611 2747 et
1631 2696 1733 2765 quietat

939 2771 964 2815 ct
979 2764 1023 2832 qui
1045 2764 1144 2832 recapit,
1166 2763 1321 2815 auctoritate
1342 2770 1440 2815 sanctae
1459 2762 1526 2817 seclis
1547 2765 1733 2834 apostolicam

939 2833 1075 2886 sanctione
1086 2841 1183 2885 snruur
1195 2831 1298 2900 synodi,
1313 2832 1575 2886 excommunicationi
1586 2834 1730 2904 subjaceat.

940 2902 1026 2968 Quam
1037 2902 1256 2956 constitutionem
1269 2901 1357 2955 eriieto
1369 2916 1418 2955 suo
1431 2901 1600 2956 confirmarit
1611 2914 1638 2959 et
1650 2905 1732 2975 expli·

940 2972 1013 3027 earit
1029 2972 1100 3026 idern
1112 2971 1279 3033 incubemus,
1292 2980 1321 3023 ut
1338 2970 1426 3024 inveni
1438 2970 1464 3024 in
1477 2979 1560 3026 neten
1573 2974 1666 3028 codice
1679 2989 1731 3032 ms.

940 3042 1108 3097 bibliothecae
1120 3040 1247 3103 Thnaun,
1264 3041 1290 3094 in
1303 3053 1356 3109 qno
1367 3040 1404 3093 ita
1414 3040 1512 3121 iegitur
1524 3055 1531 3095 ι
1544 3041 1611 3096 itam
1625 3061 1658 3098 ca
1669 3044 1734 3117 lepi-

940 3183 1018 3252 patis,
1035 3180 1142 3251 capitul.
1157 3181 1199 3235 it.
1221 3180 1251 3235 Si
1267 3181 1325 3250 quis
1341 3190 1490 3233 sanctorum
1504 3181 1613 3236 Patrnm
1629 3184 1732 3252 scapulas

97 3256 168 3308 saria
187 3253 256 3308 fiant
276 3250 454 3320 exenrplaria;
476 3266 587 3319 qnorum
608 3265 688 3302 unnrn
711 3248 738 3301 in
750 3247 886 3314 Narbona,
939 3251 1130 3318 contempserit,
1144 3260 1168 3303 ct
1180 3248 1425 3322 pluriosissimorurn
1440 3251 1626 3320 imperatorum
1642 3241 1732 3308 Caroli

98 3323 207 3377 alterum
218 3324 245 3376 in
256 3320 429 3384 carcassona,
441 3320 546 3374 tertium
558 3321 586 3373 in
596 3318 754 3380 ilosciliona,
766 3327 888 3388 quartum
939 3330 964 3374 ιι
981 3319 1115 3384 badonici,
1131 3330 1207 3390 atque
1223 3318 1341 3372 Lotlrarii
1363 3328 1388 3372 et
1406 3318 1531 3373 Ludos-ici
1549 3320 1600 3389 filii
1619 3323 1686 3392 ejus,
1700 3322 1733 3379 de

98 3393 281 3464 inEmpurt'is,
298 3392 418 3461 quisnam
439 3389 657 3453 inllarclrinona,
676 3399 777 3442 sestunr
796 3388 822 3441 in
842 3385 889 3442 Ge·
939 3390 1046 3443 decimis
1069 3390 1098 3442 in
1126 3406 1215 3443 eorum
1243 3387 1439 3459 capitularibus
1458 3399 1558 3443 statuta
1582 3401 1607 3445 et
1631 3393 1733 3447 sancito

100 3464 192 3526 sunda,
213 3464 351 3533 septimmn
372 3461 400 3514 in
415 3459 525 3514 biterris
548 3459 637 3512 baberi
661 3458 841 3529 precepimus,
863 3467 889 3512 st
940 3476 991 3514 non
1002 3459 1182 3524 obseruarerit,
1198 3474 1292 3529 easque
1307 3457 1370 3512 alibi
1383 3459 1433 3512 nisi
1446 3460 1473 3512 in
1487 3459 1732 3529 baptismalibusec-

99 3532 228 3602 exemplar
238 3548 328 3586 eorum
345 3531 373 3584 in
388 3530 492 3584 ursicino
505 3527 598 3599 palatii
616 3529 709 3592 nostri,
721 3537 748 3580 ut
770 3528 889 3598 predicti
939 3528 1024 3583 clesiis
1035 3529 1130 3599 absque
1142 3545 1268 3582 consensu
1279 3527 1363 3598 spisso
1384 3528 1465 3581 ‘dare
1475 3532 1610 3584 tentaverit
1621 3532 1659 3585 uei
1675 3533 1733 3586 reti-

101 3601 210 3673 llispani
223 3601 256 3655 ub
270 3600 323 3655 illis
335 3609 431 3670 septem
445 3597 605 3670 ercrnplarin
621 3599 737 3666 accipere
757 3607 780 3651 et
794 3597 889 3651 babere
939 3614 1000 3652 nere
1021 3600 1223 3669 presumpserit,
1244 3607 1268 3652 et
1282 3599 1327 3667 qni
1349 3545 1394 3650 li'r
1416 3609 1440 3651 ιι
1459 3600 1503 3669 qni
1520 3601 1619 3670 recipit,
1636 3603 1732 3656 eisdem

100 3674 205 3741 possint,
226 3680 250 3726 et
271 3687 317 3741 per
335 3669 467 3740 exemplar
483 3668 553 3739 quod
575 3668 603 3722 in
623 3667 721 3738 palatio
737 3668 888 3729 retinemus,
939 3669 1086 3723 constitutis
1102 3667 1267 3740 percellatur.
1287 3666 1363 3732 erod
1385 3668 1407 3721 si
1428 3686 1509 3739 neque
1526 3670 1564 3723 sic
1580 3673 1732 3737 correxerit,

100 3744 239 3796 sirursurn
254 3739 360 3811 querela
377 3739 450 3794 nobis
461 3737 548 3793 delato
566 3737 656 3807 luerit,
672 3735 777 3806 lucilius
790 3738 889 3807 possint
939 3740 1096 3793 auctoritate
1114 3749 1138 3792 et
1150 3738 1255 3808 judicio
1275 3747 1372 3791 sancta
1392 3740 1461 3792 sedis
1481 3740 1630 3809 apostolice
1648 3741 1733 3796 modis

101 3813 214 3880 definiri.
939 3809 1059 3861 omnibus
1075 3808 1219 3878 subjaceat.
1240 3807 1381 3862 incudem
1401 3809 1494 3864 codice
1515 3809 1628 3866 Tirrrano
1645 3819 1733 3867 exstas

133 3879 224 3936 xiiii.
246 3880 345 3935 Verum
365 3880 503 3935 enimuero
517 3892 671 3947 quanquam
685 3877 819 3932 uniuersis
838 3877 889 3931 im·
939 3879 1098 3934 constitutio
1115 3876 1235 3945 ejusdem
1254 3877 1390 3933 Lamberti
1411 3877 1469 3933 :lit
1490 3880 1574 3933 omrsis
1594 3880 1732 3935 decimatio

100 3951 182 4021 posita
196 3959 269 4007 esset
284 3951 434 4006 necessitas
453 3947 645 4004 serrarrdarurn
664 3947 889 4003 constitutionum
939 3949 1058 4018 episcopo
1076 3948 1114 4003 eei
1131 3949 1154 4002 ei
1171 3948 1216 4019 qui
1232 3948 1264 4000 ab
1283 3964 1313 4000 co
1332 3948 1485 4003 substitutus
1501 3957 1552 4010 est,
1569 3949 1732 4019 probantum·

62 4064 68 4077 .
100 4038 154 4090 qna
175 4022 204 4076 in
218 4020 419 4091 capitularibus
438 4019 618 4080 eontinentur,
635 4016 777 4087 quamdam
799 4028 889 4072 tamen
940 4032 1020 4086 quarn
1032 4017 1163 4073 baronius
1181 4033 1241 4072 cnm
1258 4017 1361 4086 aliquot
1375 4017 1435 4071 aliis
1448 4017 1579 4086 capitulis
1598 4019 1681 4073 edidit
1698 4034 1732 4074 eu

100 4093 223 4146 eximiam
241 4091 430 4145 anctoritatem
440 4089 598 4144 obtinebant
613 4088 639 4142 in
660 4088 749 4142 causis
762 4087 890 4143 ecciesia-
940 4087 1035 4142 codice
1049 4089 1152 4157 scripto
1168 4087 1278 4142 Antonii
1308 4088 1461 4156 sirrgustini,
1477 4096 1504 4141 et
1518 4088 1733 4146 liareuuatensis

99 4163 186 4228 sticis,
208 4162 277 4217 adeo
294 4169 323 4214 nt
340 4160 473 4229 plurimus
492 4158 546 4213 iilis
564 4158 651 4214 ironor
672 4157 780 4213 babitus
800 4157 836 4212 sit
855 4157 889 4211 ab
940 4157 1047 4212 concilii
1064 4158 1180 4213 decretis
1195 4156 1318 4224 salierit.
1341 4157 1433 4212 itinins
1452 4172 1516 4212 rcro
1536 4160 1650 4213 attexuit
1671 4175 1733 4215 con

98 4233 261 4302 episeop‘set
269 4232 303 4286 ab
314 4230 375 4285 aliis
390 4229 472 4284 diriui
487 4228 606 4283 annueris
620 4227 761 4293 ministris
774 4227 818 4295 qni
831 4227 889 4296 pari
940 4227 1002 4282 cilio
1023 4227 1143 4282 liomano
1161 4228 1281 4298 ejrrszlem
1302 4227 1375 4291 arrrri,
1415 4237 1526 4297 utatqne
1544 4243 1603 4284 esse
1620 4246 1732 4285 cunorrcs

99 4318 142 4358 ras
159 4302 313 4358 reverentia
326 4302 556 4370 prosequebantnr
573 4314 605 4353 ae
619 4308 805 4353 sacrosanctos
822 4313 889 4353 eon·
940 4297 1044 4352 concilii
1068 4301 1200 4368 anonymi,
1216 4298 1272 4352 siue
1283 4297 1375 4366 ignoti.
1392 4244 1467 4352 llum
1489 4308 1597 4355 secutus
1613 4310 1654 4355 est
1668 4300 1733 4355 col-

99 4373 221 4427 eiiiornm
233 4386 361 4426 canones.
378 4369 501 4439 Episcopi
517 4384 633 4437 rraurqne
644 4367 714 4494 appui
728 4368 887 4438 martyrium
941 4366 1034 4423 dastns
1056 4367 1142 4438 (Tam.
1156 4367 1204 4421 ili
1218 4367 1357 4422 constitut.
1370 4368 1500 4439 imperial.
1514 4386 1574 4440 pap.
1587 4370 1661 4441 aaa),
1685 4372 1732 4440 qni

98 4452 195 4497 sanctu
206 4441 304 4496 Maean
319 4441 472 4511 corrgregati
492 4454 562 4493 ιιιιιο
576 4439 638 4502 88ι,
704 4439 813 4492 statutis
828 4452 843 4491 ιι
858 4453 888 4494 se
901 4445 929 4510 Β
940 4438 1062 4508 Capitnla
1087 4438 1138 4492 ista
1161 4439 1198 4492 ιιι
1222 4446 1321 4492 statuta
1346 4454 1361 4492 a
1383 4438 1545 4508 berengario
1571 4440 1733 4509 imperatore

98 4513 121 4567 in
140 4514 192 4568 irae
205 4511 310 4582 syuodo
328 4509 443 4566 eorrditis
461 4511 497 4563 ita
515 4509 661 4577 loquuntur
674 4510 700 4562 in
716 4508 886 4578 pausatione:
940 4507 1023 4563 inisse
1036 4524 1106 4562 anuo
1121 4509 1173 4564 905
1188 4509 1214 4562 in
1228 4517 1362 4563 conventu
1378 4508 1524 4563 Ticinensi.
1540 4510 1639 4564 Verum
1652 4508 1732 4581 cnpi·

97 4584 131 4636 iii
150 4582 272 4637 ominbus
287 4582 331 4652 qui
344 4581 418 4650 juste
434 4591 457 4633 et
467 4579 510 4650 pie
522 4581 551 4632 in
561 4581 741 4632 communnione
755 4577 889 4633 catlroiicae
940 4578 995 4632 tnla
1011 4579 1056 4632 iila
1068 4594 1101 4632 eu
1116 4579 1209 4633 codiee
1221 4578 1328 4632 liutouii
1339 4578 1482 4633 duerrstini
1496 4580 1567 4633 edita
1582 4596 1640 4635 esse
1652 4580 1733 4635 Laur-

97 4652 230 4715 Ecclesia,
244 4649 406 4721 quecbristi
419 4660 570 4719 eucarpus,
586 4648 667 4703 uiuere
680 4647 777 4712 rolant,
790 4665 821 4702 en
831 4663 890 4718 qua
939 4648 1009 4703 berti
1024 4649 1193 4717 imperatoris
1208 4649 1297 4703 nuilus
1314 4657 1356 4702 est
1374 4621 1513 4704 dubitandi
1531 4650 1605 4704 locus
1620 4657 1679 4719 post
1694 4659 1732 4704 te-

98 4732 249 4792 seqssntur,
270 4720 383 4773 Domino
403 4721 543 4783 mediante,
568 4717 698 4772 obseruari
715 4717 888 4782 deceruimus,
939 4718 1095 4773 stimonium
1108 4718 1208 4772 codicis
1224 4717 1340 4782 i'irnaui,
1356 4720 1504 4787 prasertirrr
1524 4720 1547 4773 si
1562 4721 1622 4788 quis
1635 4718 1729 4790 syuodr

97 4808 146 4845 non
162 4809 229 4844 noua
250 4790 462 4852 condentes,sed
483 4787 831 4869 qrranmnp'oribusnostris
848 4804 889 4841 se·
939 4787 1154 4843 ilareunateusis
1182 4787 1401 4842 constitutionem
1429 4788 1549 4844 conserat
1580 4806 1641 4843 cnm
1666 4804 1730 4842 san-

97 4862 210 4914 randum
235 4861 366 4913 tramitem
389 4868 540 4912 sanctarum
566 4856 764 4927 Srnpturarunr
779 4868 888 4923 statuta,
939 4858 1029 4913 ctione
1045 4857 1187 4927 imperiali.
1209 4858 1308 4913 Verum
1322 4866 1351 4913 ut
1366 4860 1399 4914 ad
1416 4859 1443 4912 id
1459 4858 1528 4914 unde
1545 4859 1680 4928 paulisper
1693 4856 1731 4910 di·

96 4939 120 4983 ιι
136 4949 152 4983 o
168 4928 328 4983 cirristinnis
343 4928 541 4997 imperatoribus
557 4944 588 4981 oc
600 4928 702 4996 rupibus
713 4927 889 4997 pronrulpata,
939 4929 1025 4999 gressi
1038 4943 1130 4984 snurns
1149 4936 1241 4981 nostra
1256 4928 1347 4982 rerleut
1366 4930 1462 4991 oratio,
1480 4929 1549 4983 sicut
1567 4926 1684 4996 episcopi
1698 4940 1730 4980 ac

96 5009 119 5053 et
130 4998 256 5070 usquead
267 5000 323 5052 lton
335 4996 481 5067 periculosa
494 5007 589 5051 nostre
600 4997 761 5078 infelicitatis
773 5007 890 5067 tempora
940 4999 1036 5068 reliqui
1057 5013 1090 5053 ex
1111 4998 1206 5052 ordine
1229 4999 1415 5053 eeclesiastico
1438 5013 1529 5068 parem
1552 4997 1730 5050 reverentiam

97 5069 168 5138 luere
185 5079 297 5130 seruata,
312 5069 387 5139 quasi
404 5067 504 5121 lumina
525 5067 552 5120 in
568 5066 743 5136 mulrpnarum
755 5068 889 5120 leontinum
939 5069 1094 5123 tribuebant
1105 5068 1304 5136 capitularibus
1317 5078 1344 5123 ct
1357 5070 1514 5131 canonibus,
1531 5069 1566 5120 ita
1581 5065 1668 5136 Reges
1683 5081 1732 5119 uo-

96 5141 232 5203 tenebrns,
249 5154 309 5208 qua
323 5147 453 5191 eruerant
472 5136 710 5206 diffidentirepiios,
724 5136 888 5190 decoramus.
940 5140 989 5192 stri
1009 5139 1067 5208 puri
1088 5139 1249 5193 arretoritate
1269 5154 1300 5194 ea
1319 5139 1419 5210 pollere
1433 5138 1568 5195 solebant,
1590 5150 1677 5205 neque
1689 5135 1732 5189 in-

97 5210 150 5263 Seu
164 5209 271 5279 insigne
288 5207 316 5261 in
332 5208 426 5276 primis
434 5220 500 5261 >esse
512 5205 618 5259 ridetur
631 5206 816 5260 testiinonium
834 5208 891 5276 epi·
940 5207 1019 5277 iringi
1038 5215 1084 5261 ant
1097 5209 1192 5263 uiolari
1208 5219 1333 5277 tauquam
1348 5207 1482 5276 supcrllua
1497 5207 1620 5259 sinebant
1640 5208 1675 5262 ab
1691 5207 1732 5261 iris

97 5294 242 5348 scaporum
260 5278 329 5346 apud
340 5277 490 5331 Trosieinru
511 5277 537 5330 iu
556 5290 624 5344 pago
637 5275 808 5351 suessionico
827 5292 890 5331 cou-
939 5279 984 5348 qui
1002 5295 1095 5333 saeros
1116 5294 1232 5334 cauorres
1246 5279 1296 5333 sibi
1315 5278 1436 5333 sribieere
1454 5276 1640 5344 praemicarent.
1664 5277 1730 5330 b'am

96 5357 269 5420 gregatornm
287 5363 359 5403 antro
372 5347 435 5410 909,
448 5348 494 5415 qni
509 5361 602 5416 regum
616 5345 779 5415 Cuprtnlaria
793 5355 890 5401 roearrt
940 5350 1063 5418 quamuis
1078 5350 1150 5419 leges
1167 5348 1259 5403 ciuiles
1272 5363 1325 5402 non
1337 5346 1514 5415 dedignentur
1532 5347 1608 5414 sequi
1627 5346 1731 5400 ιιιιιιιιι

97 5434 234 5475 canonum
255 5419 423 5488 pedissequa,
443 5417 494 5471 iroe
515 5417 640 5485 loquendi
660 5417 747 5479 morio,
766 5416 890 5485 quamuis
940 5420 1056 5488 regulas,
1079 5430 1110 5473 ιιι
1136 5421 1284 5487 imperator
1300 5416 1465 5470 lastinianus
1489 5415 1527 5468 ait
1550 5413 1665 5485 (Neocli.
1686 5415 1731 5470 85.

97 5506 152 5546 non
176 5489 322 5545 admodum
343 5487 457 5551 Latino,
482 5488 664 5556 signiiieautes
686 5502 718 5541 ea
743 5487 890 5542 secundnm
944 5487 1010 5543 Vide
1026 5490 1141 5543 etiamr.
1155 5489 1179 5550 i,
1193 5488 1290 5541 ratde
1304 5487 1361 5540 rroui
1375 5485 1594 5556 operaratus),
1611 5486 1730 5540 sciebant

97 5570 160 5634 post
175 5574 295 5616 canones
308 5558 396 5613 iocnm
413 5558 512 5612 babere
529 5557 555 5611 in
570 5557 698 5619 Ecclesia,
714 5565 741 5613 et
754 5559 812 5628 pari
828 5573 889 5612 crrrn
940 5567 1028 5613 tamen
1043 5560 1177 5629 pracipes
1192 5558 1276 5611 nostri
1293 5557 1365 5626 teges
1378 5572 1438 5625 qun
1452 5550 1600 5612 canonibus
1616 5572 1668 5611 uon
1685 5555 1727 5610 ad·

97 5631 251 5688 canonibus
275 5628 435 5682 anctoritate
454 5628 552 5697 rigere.
576 5625 691 5694 ltenrqae
713 5637 736 5681 et
760 5645 890 5681 curionum
939 5639 1091 5695 versantur,
1109 5628 1250 5682 inuiolatas
1263 5642 1322 5690 esse
1337 5627 1445 5690 clrrbere,
1462 5641 1548 5696 neque
1562 5627 1686 5695 cuiqnam
1701 5625 1728 5679 li·

96 5702 254 5773 precipiunt
265 5699 393 5763 instituta,
407 5698 541 5765 inquinat,
556 5695 781 5768 simulque'cornm
789 5697 902 5768 pedisse·
939 5714 1002 5755 cere
1016 5701 1101 5770 legem
1113 5712 1288 5769 perrumpere
1300 5697 1384 5754 abeis
1396 5696 1478 5753 taum
1491 5713 1574 5770 penes
1584 5712 1652 5767 qnos
1664 5696 1732 5752 bens

242 5816 378 5879 aanor.
401 5813 526 5878 xcvii.
1507 5813 1527 5875 3
