3826 6112
143 322 197 384 697
328 326 442 384 cubuit
459 326 718 385 utrtottnnctis.
732 355 767 368 -
781 326 829 382 ab
845 328 1021 385 uuauutcn
1038 331 1194 388 enutriit.
1214 331 1379 389 COLLECT.
1400 331 1569 388 uua'tttltt.
1705 334 1759 391 ott

137 442 220 504 tibus,
235 440 273 494 ita
283 447 315 493 ut
325 439 407 494 libere
417 439 520 508 possint
529 455 560 495 ac
572 440 677 494 debitae
689 439 716 493 iu
727 453 760 495 eo
770 439 814 495 die
827 456 924 497 mouu-
937 447 962 505 Α
973 441 1082 512 quidam
1095 452 1123 497 et
1133 443 1250 498 unxime
1267 444 1403 506 mulieres,
1416 445 1461 511 qui
1475 442 1551 499 lestis
1563 458 1595 499 ac
1608 447 1693 501 sacris
1707 448 1760 504 die·

135 509 200 564 dum
248 507 416 562 ssibilitatem
430 524 523 562 ornnes
546 508 578 562 ad
598 508 754 563 aecclesiam
764 524 881 575 currere,
896 519 923 566 et
974 512 1025 567 bus
1033 521 1112 581 atque
1123 522 1275 567 sanctorum
1289 511 1421 566 nataliciis
1433 528 1486 568 uon
1498 527 1548 582 pro
1559 529 1652 568 eorum
1663 517 1761 584 quibus

135 579 164 634 in
187 593 243 634 soa
271 576 462 646 omnipotentis
486 577 533 631 lici
553 578 675 632 oratione
695 593 800 633 vacare.
823 579 858 636 Ut
876 581 922 650 qui
974 579 1072 636 debent
1084 580 1251 637 delectantur
1267 581 1406 636 desideriis
1417 582 1550 645 advenire,
1565 582 1611 638 sed
1624 583 1721 640 blando
1732 594 1761 640 et

134 647 284 706 cbristiauo
295 646 424 701 vocabulo
433 656 628 716 nuncupantur,
638 647 826 703 convenienter
841 663 923 719 opera
973 652 1054 705 verba
1064 652 1152 720 turpia
1166 652 1331 706 decantando
1342 652 1438 705 choros
1455 649 1569 706 tenendo
1587 668 1619 707 ae
1629 651 1759 720 docendo,

133 730 265 789 peragere
274 715 424 770 rideantur.
973 719 1171 774 similitudinem
1184 735 1344 790 paganorum
1362 719 1513 789 peragendo
1534 720 1658 776 advenire
1672 723 1681 754 ¹
1696 737 1761 794 pro·

169 785 215 842 51.
228 783 267 839 lle
278 783 455 838 criminalibus
467 785 553 839 cauda
570 793 595 839 et
607 785 684 854 [ιινιέε
696 787 835 858 emmaque
848 787 922 841 sinn-
972 797 1077 842 curant.
1091 788 1169 844 Tales
1184 790 1254 844 euim
1267 792 1335 843 sicut
1352 789 1499 842 minoribus
1511 790 1621 844 veniunt
1635 791 1669 846 ad
1689 792 1761 848 ecie-

132 852 202 909 libau
214 853 256 907 die
269 853 399 911 dominico
412 854 531 907 inuentis.
542 853 611 909 Sunt
621 855 718 924 quippe
731 856 776 924 qni
788 856 921 912 dominico
972 858 1050 922 siam,
1071 873 1132 912 curn
1155 859 1272 926 peccatis
1289 858 1434 913 maioribus
1457 866 1638 913 revertuntur.
1659 860 1687 914 lu
1712 859 1759 916 tali

132 922 177 978 dic
188 922 215 978 iu
263 937 280 977 o
293 923 435 977 commissa
449 921 567 976 facinora
583 924 680 978 debent
691 925 811 979 oratione
821 926 921 980 abster-
972 928 1042 980 enim
1057 925 1126 982 lacta
1137 925 1216 982 debet
1226 928 1407 995 unusquisque
1422 928 1546 981 sacerdos
1558 928 1760 998 diligentissimo

149 1007 207 1056 ere,
219 1005 235 1046 a
246 992 272 1047 ia
289 990 456 1046 delectantur
467 991 643 1047 committere.
665 994 756 1062 ltaque
773 1009 842 1063 quae
858 995 920 1051 aliis
971 997 1098 1065 populum
1112 996 1264 1060 admonere,
1282 1004 1312 1050 ut
1329 1012 1378 1065 pro
1396 995 1450 1050 sola
1468 997 1590 1052 oratione
1603 999 1645 1051 bis
1663 998 1759 1055 diebus

131 1007 228 1117 glebas
238 1061 442 1116 committuntur
453 1061 549 1116 iudicis
561 1063 721 1117 auctoritate
731 1064 917 1119 tenuinentur.
971 1066 1004 1118 ad
1026 1065 1150 1120 eclesiam
1176 1074 1324 1128 recurrant,
1351 1065 1413 1133 quia
1437 1065 1487 1134 ipsi
1510 1066 1556 1146 qui
1579 1067 1642 1121 talia
1664 1077 1757 1136 agunt,

131 1129 172 1186 lio
183 1131 347 1200 diepersona
358 1138 480 1200 suspecta
492 1131 736 1186 etrcatuinlumata
747 1133 919 1203 autoptimae
971 1149 1024 1188 non
1048 1134 1134 1189 solnm
1147 1148 1176 1188 se
1191 1136 1313 1204 perdunt.
1330 1135 1378 1190 sed
1396 1135 1477 1189 etiam
1496 1135 1563 1190 altos
1577 1135 1699 1205 deperire
1716 1146 1758 1192 at·

131 1199 313 1256 satisfactione
327 1208 373 1255 aut
384 1200 512 1256 custodiis
520 1201 683 1257 constituere
695 1208 725 1256 ut
733 1202 816 1257 licitis
825 1203 919 1259 diebus
970 1204 1094 1258 tendunt.

132 1268 275 1324 iudicetur.
1005 1270 1070 1326 su·
1085 1272 1122 1327 lle
1134 1275 1173 1328 iria
1185 1275 1229 1345 qni
1240 1272 1382 1326 adhibitum
1392 1272 1441 1326 ribi
1454 1288 1560 1326 uxorein
1574 1271 1720 1344 relinquunt
1733 1283 1758 1328 et

165 1338 212 1393 58.
224 1337 263 1392 lle
275 1337 315 1391 bis
325 1339 370 1408 qui
379 1338 436 1393 aine
447 1347 548 1394 ostenso
568 1339 676 1394 enaiim
693 1341 767 1394 inuiti
788 1350 918 1395 monone-
970 1339 1050 1394 utinm
1061 1345 1182 1397 sortiunt.
1198 1343 1268 1397 Nulli
1290 1343 1369 1396 liccat
1379 1349 1490 1411 excepta
1508 1356 1587 1396 causa
1602 1341 1758 1397 fornicatio-

129 1406 200 1461 itan
218 1416 278 1461 aunt
301 1407 452 1461 introducti.
477 1407 552 1463 Sicut
571 1408 642 1462 enim
660 1409 705 1477 qui
725 1409 917 1465 monasterium
970 1411 1166 1466 nisadbibitarn
1181 1427 1292 1466 uxorem
1310 1410 1460 1478 relinquere
1472 1420 1500 1466 et
1514 1410 1609 1465 deinde
1621 1412 1760 1468 attamoo-

129 1475 304 1547 olegerunt,a
322 1477 491 1532 monasteriis
504 1479 592 1548 egredi
604 1494 657 1533 non
669 1479 868 1546 permittuntur,
879 1479 916 1535 ita
968 1478 1077 1548 putare;
1092 1482 1210 1550 alioquin
1227 1489 1452 1551 transgressorem
1468 1479 1551 1549 priori
1569 1480 1695 1535 convenit
1712 1495 1760 1536 so-

130 1544 159 1599 bi
170 1546 216 1615 qui
228 1545 303 1599 inriti
320 1545 379 1600 sine
392 1547 463 1602 iuste
479 1547 641 1602 ostensionis
659 1548 772 1603 crimine
784 1557 917 1604 monaste
968 1548 1035 1603 ciari
1045 1551 1179 1621 coniugio.
1201 1551 1248 1605 Sia
1269 1551 1279 1581 ¹
1302 1557 1391 1604 autem
1405 1549 1448 1602 uir
1468 1556 1496 1601 et
1515 1563 1584 1602 uxor
1599 1549 1759 1605 divertere·

128 1613 171 1670 rio
182 1624 244 1670 sunt
254 1614 412 1680 intromissi,
424 1616 476 1670 nisi
488 1617 607 1671 nolentes
620 1631 673 1670 non
683 1620 916 1686 teneantur;quia
968 1620 1093 1686 prosola
1117 1624 1128 1651 ⁸
1153 1620 1280 1689 religione
1303 1620 1416 1673 interse
1431 1618 1596 1672 consenserit
1625 1619 1636 1649 ⁸
1661 1618 1717 1673 rita
1733 1618 1756 1684 ⁸,

125 1683 200 1752 quod
219 1698 272 1743 uon
290 1691 385 1752 potunt
399 1700 452 1739 non
466 1687 619 1742 observant.
634 1685 749 1755 ideoque
767 1687 834 1742 tales
854 1703 917 1743 con·
967 1686 1120 1742 nuliatenus
1141 1689 1199 1742 sine
1222 1688 1385 1742 conscientia
1411 1686 1527 1807 episcopi
1552 1685 1608 1750 tiat,
1624 1696 1652 1741 ut
1673 1689 1709 1743 ab
1724 1701 1759 1743 eo

125 1750 262 1807 sidet-andi
285 1761 347 1808 sunt
378 1755 493 1809 maxime
513 1764 623 1824 peccata
646 1756 814 1810 committere
835 1771 914 1824 quam
933 1756 1138 1838 Bsiugulariter
1157 1759 1263 1826 proviso
1281 1756 1482 1811 constituatur'
1510 1770 1569 1809 oco.
1585 1755 1652 1808 Nam
1674 1770 1759 1810 uxore

124 1822 264 1894 plangere,
274 1823 344 1878 sicut
357 1821 465 1878 decreto
476 1824 637 1880 sanctissimi
656 1824 753 1880 Leonis
763 1839 847 1895 papae
858 1842 914 1881 ma·
967 1826 1084 1888 nolente,
1100 1827 1357 1890 autalterocorum,
1380 1825 1462 1879 etium
1483 1839 1532 1894 pro
1547 1824 1594 1878 tali
1613 1839 1642 1878 re
1663 1825 1758 1880 matri·

126 1889 306 1946 uilestissime
318 1893 480 1948 continetur.
965 1896 1058 1950 monio
1072 1895 1083 1926 ⁸
1097 1911 1150 1949 non
1164 1895 1311 1949 solvantur.

161 1961 206 2015 55.
227 1959 261 2014 Ut
274 1959 336 2015 laici
348 1962 382 2015 ad
391 1963 484 2016 misaca
497 1964 524 2017 iu
534 1963 684 2033 presbiterio
696 1979 748 2017 non
760 1965 913 2018 consistunt.
998 1964 1042 2019 57.
1055 1965 1069 2004 b
1080 1962 1115 2017 Ut
1134 1981 1186 2018 non
1197 1965 1272 2017 licent
1284 1977 1336 2015 uno
1346 1970 1459 2030 tempore
1472 1960 1538 2015 duos
1547 1961 1640 2016 babere
1651 1979 1755 2030 uxorea,

125 2026 301 2084 Saoerdotum
313 2030 478 2100 aliorumque
489 2033 647 2088 clericorum
666 2031 915 2092 ecclesiisserrien-
964 2048 1101 2086 uxoremue
1115 2043 1139 2087 et
1161 2032 1340 2087 concubinam.
1366 2029 1437 2084 Nulli
1459 2030 1539 2085 licent
1557 2047 1610 2086 uno
1635 2040 1756 2100 tempore

124 2098 194 2152 tium
222 2098 323 2154 bonore
344 2116 359 2154 a
384 2100 512 2156 laicomm
540 2103 656 2157 discrete
679 2116 807 2170 apparere
818 2117 916 2157 coare-
965 2101 1031 2157 duas
1046 2101 1144 2157 babere
1157 2116 1263 2164 uxores,
1284 2114 1429 2155 uxoremve
1449 2100 1673 2164 ctconcubinanr,
1692 2101 1757 2171 quia

125 2167 216 2221 niunt.
228 2167 313 2234 Quam
327 2170 361 2225 ob
380 2185 436 2224 rem
456 2171 522 2225 nulli
536 2171 664 2227 laicorum
678 2170 757 2226 liceat
770 2171 797 2224 ln
811 2186 844 2226 eo
856 2171 916 2226 loco
965 2186 1026 2225 curu
1037 2171 1127 2225 domui
1139 2187 1191 2227 non
1205 2170 1235 2225 lit
1249 2170 1362 2233 lucrum,
1377 2169 1482 2224 animae
1503 2168 1534 2223 tu
1552 2168 1754 2225 detrimentum.

123 2236 172 2290 nbi
192 2238 344 2294 sacerdotes
361 2239 405 2294 rel
430 2240 525 2309 reliqui
549 2241 639 2296 clerici
660 2241 820 2304 consistunt,
842 2241 914 2310 qnod
966 2240 1033 2294 Nam
1048 2242 1118 2295 sicut
1138 2240 1261 2296 cbristus
1282 2246 1384 2294 casnm
1407 2238 1532 2317 obsecrat
1556 2238 1691 2305 eclesiam,
1717 2238 1755 2295 ita

123 2306 316 2374 presbiterium
338 2319 515 2379 unricupatnr,
531 2312 637 2379 quando
660 2311 741 2365 rnissa
762 2310 915 2366 celebratur
967 2310 1125 2365 virensium
1144 2311 1223 2365 debet
1233 2309 1367 2364 custodire
1379 2311 1543 2378 coniugium.
1561 2331 1566 2335 ·

123 2374 282 2443 oonsistore,
300 2386 333 2432 ut
345 2377 428 2434 libere
440 2395 471 2434 ac
485 2380 631 2435 honorilice
645 2380 749 2449 possint
763 2392 839 2434 sacra
858 2379 914 2435 otil-
1000 2379 1044 2433 58.
1065 2380 1104 2433 lle
1125 2381 1230 2434 incestis
1258 2388 1282 2432 et
1309 2376 1492 2431 inutilitatibus
1521 2377 1754 2434 coniunctionibus.

124 2444 168 2498 cia
181 2458 317 2502 exercere.
966 2447 1168 2514 consobrinam,
1194 2456 1327 2517 nepotem,
1353 2460 1504 2510 novercam,
1518 2445 1610 2501 fratris
1632 2461 1754 2514 uxorem,

160 2513 205 2568 58.
218 2515 256 2569 lle
268 2516 346 2571 scolis
359 2519 510 2588 reparandis
532 2536 579 2590 pro
601 2519 688 2573 studio
702 2516 856 2572 litterarum.
875 2517 914 2574 lle
967 2520 1007 2572 vel
1027 2519 1108 2573 ctiam
1125 2518 1158 2573 de
1176 2519 1283 2587 propriu
1294 2516 1452 2586 cognatione
1466 2523 1513 2569 aut
1525 2531 1605 2585 quam
1624 2524 1755 2598 cognatus

123 2581 284 2651 quibusdam
297 2585 363 2642 iocis
374 2589 408 2642 ad
420 2603 469 2643 nos
481 2590 659 2643 relecturnon
672 2589 813 2657 magistros
827 2602 914 2656 neque
967 2586 1070 2652 babuit,
1089 2588 1177 2642 nullus
1196 2588 1292 2642 audeat
1304 2585 1330 2640 iu
1343 2584 1467 2654 coniugio
1488 2585 1616 2654 copulari.
1642 2584 1671 2640 St
1693 2586 1754 2654 quis

124 2666 219 2707 curam
233 2653 346 2710 inveniri
357 2671 406 2725 pro
415 2658 504 2712 studio
516 2658 673 2712 litterarum.
688 2657 790 2713 ldcirco
803 2657 830 2711 in
851 2657 914 2711 uni·
966 2670 1030 2711 nero
1044 2658 1106 2713 buic
1123 2656 1225 2712 nelarie
1240 2655 1363 2724 coniugio
1375 2654 1541 2719 convenerit,
1562 2663 1590 2710 ot
1608 2655 1635 2708 in
1648 2670 1680 2709 eo
1690 2669 1753 2724 per·

124 2722 212 2802 versis
221 2724 363 2794 episcopiis
373 2727 552 2796 subiectisque
562 2728 683 2797 plebibus
694 2736 720 2782 et
731 2725 791 2782 aliis
803 2726 876 2781 locis
886 2726 914 2781 in
965 2730 1103 2792 manserit,
1118 2729 1185 2782 sciat
1199 2741 1227 2781 se
1237 2725 1397 2808 apostolicae
1409 2724 1578 2779 auctoritatis
1595 2725 1752 2806 anatliema

123 2791 222 2858 quibus
240 2796 388 2851 necessitas
408 2798 567 2860 occurrerit,
586 2797 695 2853 ornnino
713 2812 778 2851 cura
801 2804 828 2850 et
854 2795 914 2850 dili·
964 2795 1025 2850 ticis
1047 2796 1153 2851 viuculo
1172 2810 1232 2850 esse
1251 2794 1413 2858 innodatus,
1434 2802 1461 2847 et
1473 2792 1563 2848 nullus
1579 2793 1752 2849 sacerdosrllt

123 2861 215 2928 gentis
234 2863 400 2928 adhibeatur,
426 2874 455 2920 ut
477 2868 597 2937 magistri
620 2877 647 2922 et
666 2867 791 2922 doctores
814 2866 914 2920 consti·
964 2865 1065 2919 tribuat
1085 2864 1309 2919 cmurnunionem.
1332 2862 1361 2917 Si
1384 2876 1447 2916 vero
1460 2877 1606 2934 conuersus
1620 2863 1753 2917 diversus-

123 2936 245 2997 tuantur,
264 2947 310 3002 qiu
323 2935 411 2989 studia
424 2936 573 2991 litterarum
588 2937 791 3006 liberaliumque
812 2935 911 2989 artium
963 2948 1016 3002 que
1032 2935 1066 2990 ab
1089 2933 1190 2988 inlicita
1203 2933 1284 2988 luerit
1298 2932 1475 3001 copulatione,
1485 2932 1580 3001 dignae
1591 2933 1753 3002 ponitentiae

123 2996 263 3065 babentes,
277 3002 400 3073 dogmata
419 3006 526 3061 assidue
559 3007 714 3071 doceantur,
735 3006 798 3076 quia
816 3006 843 3059 in
870 2977 949 3060 bisc
964 3004 1166 3068 submittantur,
1180 3010 1209 3056 ut
1220 3002 1347 3057 sacerdos
1360 3001 1411 3054 loci
1421 3000 1641 3055 consideraverit.

123 3069 338 3128 manimeditiua
350 3075 554 3132 manifestantur
567 3084 648 3147 atque
657 3077 826 3131 declarantur
836 3089 912 3129 ruan-
1000 3073 1134 3143 Eugenius
1193 3072 1230 3126 tia
1244 3071 1291 3126 liei
1311 3070 1452 3140 episcopus
1474 3077 1582 3124 sauctae
1605 3069 1753 3125 ontlrolicae

124 3136 197 3190 data.
964 3149 1045 3211 atque
1056 3150 1149 3211 aposto
1160 3144 1217 3197 icae
1231 3141 1366 3195 Romanae
1387 3139 1516 3195 ecclesiae
1534 3139 1597 3194 huic
1616 3137 1752 3193 decretoa

158 3206 203 3263 56.
219 3207 260 3265 tta
273 3214 393 3269 conuiuiis
410 3214 483 3285 {ertia
499 3214 589 3270 diebus
614 3230 665 3269 non
685 3213 821 3284 faciendis.
843 3211 912 3267 Sunt
964 3212 1042 3267 nobis
1053 3213 1222 3283 promulgato
1232 3209 1388 3278 subscripsi.

731 3323 925 3382 tautanius
939 3324 1137 3384 luttrudis

161 3430 349 3488 'acreuirca
386 3435 441 3491 'si
456 3435 487 3490 V.
503 3435 553 3492 Vn.
603 3437 760 3496 'dimittere
777 3437 807 3492 V.
826 3437 873 3493 Vn.
924 3438 978 3496 ⁸s.
1002 3440 1074 3495 vitae
1098 3456 1121 3494 r.
1150 3437 1182 3495 V.
1211 3439 1260 3495 Vn.
1285 3437 1318 3495 tt.
1370 3437 1577 3496 'consenseriut
1599 3435 1629 3492 V.
1649 3434 1701 3493 Vn.
1714 3432 1750 3491 tt.

124 3498 216 3553 ‘deest
246 3499 276 3555 V.
295 3501 342 3557 Vn.
358 3503 393 3558 ll’.
429 3507 647 3563 'mustituantnr
664 3505 695 3562 V.
712 3505 761 3563 Vn.
772 3507 807 3564 8.
844 3508 1134 3566 ⁸matrimoniumuon
1148 3508 1268 3566 soluatur
1285 3507 1317 3577 V.
1336 3507 1386 3565 Vn.
1401 3509 1435 3565 ll.

884 3617 999 3676 NOTAE.

160 3721 256 3776 *Inter
267 3721 387 3782 Lotbarii
399 3724 571 3799 Capstularia,
583 3746 674 3801 supra.
999 3734 1095 3791 ιἸΙιῑιιῐ
1109 3734 1230 3792 Lotharii
1240 3735 1413 3804 capitularia,
1425 3749 1515 3804 stupra.

476 4015 968 4129 BENEMG'I'I
1004 4017 1390 4131 MAGOM

238 4209 989 4362 CAPITULARIUM
1038 4214 1634 4366 COLLECTIO.

646 4411 864 4586 lbettz
914 4413 1239 4553 monitum.
1330 4496 1346 4549 .-

702 4618 752 4679 (lit
764 4625 870 4676 ilonurn.
882 4627 967 4678 Gerrn.
979 4626 1042 4676 liist.
1055 4631 1113 4676 tom.
1127 4626 1181 4690 tv.)

1459 4672 1470 4699 8

155 4806 230 4876 Opus
240 4805 292 4862 boc
304 4804 466 4861 editionibus
478 4800 612 4871 dnsegisi,
626 4800 766 4868 dequibus
780 4803 807 4857 in
819 4801 975 4872 prelatione
988 4802 1144 4860 Collectioni
1168 4801 1225 4870 ejus
1245 4804 1389 4873 preposita
1408 4804 1573 4869 monuimus,
1650 4812 1692 4860 ter
1708 4812 1746 4860 ta-

119 4892 183 4932 men
195 4875 377 4940 lieroldinarn,
389 4873 554 4942 adjunctum,
565 4871 592 4924 in
603 4868 745 4925 Codicibus
757 4871 856 4926 ibidem
870 4874 1019 4938 recensitis,
1035 4872 1168 4935 Gotbano,
1190 4872 1381 4940 Bellovaeensi,
1398 4872 1581 4930 Camberonen
1608 4912 1618 4939 ,
1630 4872 1748 4943 iiivipnl·

119 4945 200 5010 lensi,
215 4944 404 5008 Nounuuuioo,
416 4941 553 5005 Trecensi,
570 4938 736 5010 Sangallensi
749 4957 777 4993 n.
791 4940 851 5001 787.
866 4941 1028 5007 Colbertino‚
1049 4943 1134 4998 altero
1144 4941 1284 5007 Vaticano,
1299 4944 1412 5008 Tiliauo,
1431 4944 1579 5006 Pitboeano
1592 4942 1748 5007 Parisiensi,

118 5023 147 5070 et
208 5015 240 5070 'is
253 5013 449 5070 Parisiensibus
460 5010 539 5075 6656,
550 5009 629 5071 tout,
644 5010 713 5064 5859
725 5018 751 5064 et
771 5009 841 5065 5858
851 5009 885 5075 Α,
899 5013 1043 5081 reperitur.
1061 5012 1180 5079 Quorum
1191 5012 1331 5082 plurimos,
1344 5013 1463 5081 exceptis
1474 5012 1576 5067 scilicet
1586 5010 1709 5066 Gotbauo
1721 5019 1749 5068 et

118 5029 318 5140 ruffinianus
328 5083 398 5139 6656
408 5091 435 5138 et
447 5080 525 5147 6656,
537 5095 599 5136 cum
610 5078 657 5133 Stc
675 5080 761 5134 banus
774 5079 898 5135 llaluzius
919 5081 1030 5139 editioni
1049 5097 1104 5136 sua
1124 5080 1299 5142 adhibuisset,
1312 5098 1362 5138 nos
1378 5097 1429 5150 opc
1446 5081 1548 5136 codicis
1559 5079 1685 5160 Gotbani‚
1701 5080 1747 5148 qul

118 5154 259 5224 bucusque
270 5169 406 5224 nunquam
419 5154 446 5207 in
459 5165 515 5206 rem
532 5157 642 5205 vocatus
657 5094 755 5213 Fuerat,
777 5157 880 5204 textum
894 5150 1067 5206 baluzianum
1090 5149 1184 5205 leuiter
1207 5159 1311 5204 tantum
1333 5147 1574 5221 recognoscendum
1593 5157 1747 5215 statuimus,

119 5237 206 5293 eaque
220 5225 248 5278 iu
260 5239 289 5279 re
300 5223 408 5292 juvenis
420 5220 566 5277 doctissimi
584 5217 615 5271 b.
626 5218 784 5273 Betbmanui
794 5219 927 5289 praecipue
938 5234 1020 5290 opera
1032 5221 1073 5275 usi
1083 5235 1184 5274 snmus.
1209 5219 1298 5275 Codex
1321 5219 1459 5275 Galbanus
1469 5217 1599 5288 dnsegtso
1619 5217 1747 5274 Benedic-

120 5302 177 5347 tum
194 5307 244 5363 pro
256 5294 332 5348 libris
349 5309 374 5356 r,
387 5309 424 5356 rt,
438 5308 485 5355 vu,
497 5289 616 5344 babitutu
629 5287 720 5342 statim
733 5287 877 5359 subjungit,
892 5289 929 5344 ita
940 5296 970 5342 ut
987 5296 1047 5359 post
1059 5290 1217 5358 Ansegisum
1229 5289 1351 5370 legantur
1365 5289 1445 5342 verba
1464 5287 1502 5341 De
1522 5285 1747 5369 conglutinatione

118 5365 240 5425 istorum,
252 5372 318 5430 etc,
328 5363 411 5417 minio
428 5361 536 5430 scripta.
551 5358 601 5414 llic
614 5357 670 5411 illic
689 5372 784 5414 manus
801 5359 917 5414 secunda
932 5361 1059 5426 correxit,
1082 5367 1159 5415 notas
1180 5358 1292 5428 margini
1305 5358 1438 5480 ascripsit,
1452 5357 1550 5438 litteris
1560 5359 1585 5438 ir
1597 5355 1748 5438 conjunctis

119 5434 188 5487 duas
199 5431 282 5488 bacas
293 5441 459 5488 transversas
470 5428 607 5499 imposuit,
615 5427 662 5482 sed
671 5442 742 5491 raro,
750 5428 854 5484 duobus
863 5430 982 5486 tribusve
995 5431 1022 5484 in
1035 5430 1186 5485 locisvoces
1196 5442 1334 5496 perperam
1343 5443 1374 5482 oo
1386 5427 1600 5490 locatas,btterts
1611 5434 1662 5481 oet
1672 5427 1687 5479 b
1698 5442 1744 5481 nn·

118 5502 216 5572 positis
227 5503 254 5558 iu
264 5502 367 5572 justum
380 5501 501 5559 ordinent
512 5499 629 5569 redegit;
646 5496 801 5567 saepissime,
815 5499 861 5553 ubi
875 5499 1001 5573 leguntur
1013 5515 1072 5570 quae
1082 5499 1156 5554 clero
1168 5497 1242 5552 utilia
1254 5504 1326 5560 sunt,
1343 5498 1455 5568 margini
1468 5498 1572 5567 siguum
1587 5497 1659 5552 vocis
1670 5496 1745 5552 Nora

118 5573 253 5644 apposuit,
273 5571 374 5628 addens
385 5584 593 5638 nonnunquam:
610 5566 682 5622 Nota
692 5567 848 5638 diligenter:
863 5568 934 5623 Noto
953 5579 1028 5641 caput
1040 5585 1086 5640 pro
1096 5568 1222 5638 episcopis
1235 5564 1390 5633 trtilb'uutm,⁸
1404 5577 1464 5621 noto
1474 5565 1594 5648 perutilia
1605 5567 1637 5620 de
1652 5568 1745 5620 immu-

119 5644 218 5707 nitotc,·
230 5643 336 5698 similia.
357 5642 407 5699 Ubi
423 5641 493 5713 quod
504 5636 672 5707 transcripsit
685 5637 822 5712 exemplar
839 5653 892 5694 non
905 5640 991 5710 potuit
1003 5640 1101 5709 legere,
1114 5638 1141 5692 in
1154 5636 1274 5708 margine
1297 5637 1348 5694 boc
1367 5638 1493 5693 indicarit
1510 5635 1625 5704 scriptor
1640 5636 1746 5692 Codicis

120 5714 234 5768 litterar
247 5712 362 5783 adjecta.
