3826 6112
194 296 247 358 387

619 288 649 344 b.
668 286 792 346 utuott
810 284 915 342 444644
935 284 1009 340 occ.
1031 276 1120 339 1³:le
1139 284 1158 339 l.
1179 282 1299 340 SECTlO
1318 284 1433 340 cuttta.

1780 276 1837 338 388

195 409 347 482 hospitibus
361 406 458 460 seruiat
475 403 567 473 paucis
580 404 672 458 diclrus
691 404 709 455 ¹.
723 403 776 456 llus
787 415 866 463 sero,
883 400 905 452 si
921 413 988 468 qrms
1006 400 1026 457 Α
1075 397 1119 449 tu.
1143 395 1215 451 Utin
1228 397 1431 465 quadragesima
1450 408 1535 466 usque
1554 395 1587 449 ad
1609 406 1707 450 nonam
1720 407 1839 465 operen-

196 503 288 565 habet,
301 513 313 539 ⁸
326 498 481 567 parentibus
503 494 559 549 suis
576 494 586 523 ¹
604 493 783 547 coumrcndct.
804 491 916 558 Euploto
939 505 988 542 au-

197 602 252 648 tem
275 587 440 661 probationis
458 600 521 640 suae
539 600 620 649 aurro,
639 584 784 639 seeundum
804 582 876 652 quod
895 580 989 651 regula

196 681 327 753 praecipit
349 680 409 733 iude
431 676 521 732 iaciat.
548 677 606 746 lpse
627 692 691 731 vcro
712 690 762 730 uec
788 676 916 730 tundatur
939 691 989 729 nrc

196 774 355 828 restirrrcnta
380 786 426 823 sua
447 769 560 838 pristina
581 769 704 831 inmutet,
728 769 886 839 priusquam
907 769 989 823 eboc

196 865 323 920 dicntimu
338 863 351 901 b
363 862 513 931 promittat.

231 956 275 1011 35.
298 956 332 1011 Ut
344 955 499 1015 monachus,
513 952 678 1022 professione
691 954 775 1017 44444,
791 955 879 1009 tribus
893 956 990 1010 dicbus

198 1046 322 1103 cucullae
337 1054 493 1115 coopertum
508 1045 606 1101 babeat
619 1056 709 1116 caput.

231 1136 274 1194 36.
295 1136 307 1177 ‘i
322 1134 357 1191 Ut
372 1152 485 1207 puerum
498 1143 576 1205 pater
592 1144 637 1189 aut
652 1147 737 1191 orator
751 1147 895 1206 etempore
914 1137 987 1191 obla-

196 1229 278 1284 tionis
297 1226 411 1282 oderant
439 1224 502 1280 iad
524 1223 640 1290 altare¹,
662 1236 689 1281 et
710 1225 866 1295 petitionem
889 1242 938 1295 pro
957 1243 989 1280 ro

195 1335 287 1374 eoram
303 1316 379 1371 laicis
392 1316 504 1371 testibus
523 1314 621 1370 iaciant
632 1356 639 1379 ,
651 1332 731 1386 quant
750 1326 871 1386 tempore
889 1316 989 1372 intelli·

196 1408 270 1479 gibili
289 1406 406 1478 regulam
427 1407 571 1460 obseruare
583 1406 754 1475 promiserit,
769 1406 825 1475 ipsc
842 1421 910 1474 prrer
924 1422 991 1461 cou-

196 1498 297 1554 drmct.

231 1587 275 1643 tt.
297 1585 332 1642 Ut
351 1585 468 1641 infantes
482 1585 565 1640 oblati
581 1600 700 1652 carnem,
713 1587 829 1642 nonnisi
850 1603 931 1643 causa
948 1588 988 1642 in-

196 1674 345 1739 firmitatis,
359 1674 530 1738 manducent.

230 1768 275 1823 38.
298 1766 332 1822 Ut
346 1766 452 1836 quando
475 1765 572 1820 iratres
593 1774 654 1835 post
675 1774 780 1821 sextam
800 1767 946 1830 dormiunt,
965 1769 988 1822 si

195 1857 257 1928 quis
272 1872 366 1912 eorum
385 1856 499 1913 soluerit
516 1856 620 1928 legere,
638 1857 664 1910 44
684 1857 798 1912 ccclesia
818 1866 864 1912 aut
878 1857 989 1913 inlecto

195 1965 247 2006 suo
260 1950 271 1979 ⁸
282 1948 362 2021 legat.

1042 495 1087 540 tur
1107 486 1214 548 iratus,
1227 494 1358 556 quatenus
1374 487 1454 539 missa
1473 487 1608 541 celebrata
1631 494 1753 556 tempore
1771 502 1838 543 eoo·

1041 595 1107 650 gruo
1122 579 1254 631 reficiant.

1075 668 1119 724 44).
1143 672 1154 709 ⁸
1181 669 1214 724 Ut
1239 669 1333 723 domus
1356 677 1458 724 semota
1481 669 1492 699 ⁸
1514 668 1556 724 his
1581 669 1627 738 qui
1649 667 1762 740 lugere,
1788 676 1838 724 aut

1039 760 1136 831 pugnis
1155 760 1289 814 baculisve
1309 760 1380 813 inter
1401 774 1430 813 sc
1451 759 1586 814 soluerint
1607 759 1763 830 confligere,
1788 770 1841 816 aut

1040 854 1137 922 quibus
1150 867 1182 907 ex
1201 854 1306 923 integro
1322 850 1409 907 laetae
1427 862 1489 906 sunt
1510 852 1648 922 regulares
1663 851 1839 922 discipliuae.

1040 944 1171 998 habeatur
1189 942 1350 1005 huiusmodi,
1374 944 1445 1012 quod
1468 942 1525 996 ‘in
1544 942 1632 997 hicme
1655 943 1726 1013 ignis
1748 945 1840 1014 possit

1041 1035 1161 1097 accendi,
1176 1043 1203 1087 ct
1220 1034 1319 1087 atrium
1342 1022 1482 1099 iuxta‘sit,
1497 1049 1550 1103 quo
1570 1035 1674 1103 possint
1697 1038 1773 1107 quod
1796 1038 1841 1096 eis

1041 1125 1189 1195 iniungitur
1200 1125 1305 1194 operari
1316 1124 1337 1177 '.

1076 1215 1120 1268 44.
1144 1214 1178 1269 Ut
1192 1214 1215 1269 si
1231 1215 1291 1283 quis
1305 1216 1473 1286 negligenter
1496 1218 1614 1273 sonitum
1632 1215 1771 1286 Ι4444444,
1790 1226 1840 1275 aut

1042 1309 1114 1362 adiud
1137 1309 1201 1377 quid
1220 1308 1366 1362 excesserit
1390 1309 1417 1362 in
1438 1307 1593 1376 refectorio,
1617 1326 1679 1365 mox
1702 1326 1718 1365 a
1743 1313 1840 1382 priore

1042 1399 1172 1451 hreniam
1188 1406 1260 1466 petat
1274 1397 1295 1450 '.

1077 1488 1121 1541 44.
1143 1487 1178 1543 ur
1197 1488 1287 1543 nullus
1308 1489 1429 1558 plebeius
1451 1503 1498 1544 scu
1519 1490 1634 1546 clericus
1654 1491 1788 1547 secularis
1807 1490 1838 1548 in

1042 1580 1207 1634 monasterio
1222 1580 1255 1633 ad
1274 1579 1448 1634 habitandum
1471 1581 1627 1652 recipiatur,
1644 1583 1695 1638 nisi
1716 1583 1838 1640 soluerit

1042 1670 1100 1729 lieri
1116 1670 1274 1725 monachus.

1078 1762 1121 1817 45.
1145 1762 1178 1817 Ut
1196 1762 1296 1817 nemini
1315 1762 1395 1817 liceat
1408 1778 1559 1817 sermonem
1573 1764 1716 1820 iuramenti
1732 1773 1780 1820 aut
1795 1768 1838 1821 44·

1042 1855 1203 1909 firmationis
1222 1853 1352 1925 prolerre,
1368 1856 1419 1910 nisi
1443 1856 1513 1912 sicut
1540 1860 1626 1914 saneti
1649 1869 1742 1930 patres
1762 1861 1840 1916 soliti

1009 1946 1029 2002 ll
1044 1947 1144 2002 luerint
1161 1961 1167 1987 ¹
1187 1947 1269 2016 loqui.

810 2057 1004 2114 vauttrttsss
1022 2054 1224 2113 LECTIONES.

232 2151 432 2221 ¹p.d.desant
451 2153 478 2207 3.
516 2149 772 2206 ¹s.autamieisc.
790 2149 816 2203 4.
855 2143 1483 2216 1441444444444444444444444444444444444.
1522 2150 1622 2208 ‘lectis
1637 2154 1694 2208 suis
1709 2157 1736 2211 5.
1778 2157 1840 2214 'Ut

193 2235 287 2276 carcer
306 2224 333 2278 5.
383 2218 520 2292 ‘quallol
542 2230 571 2274 ut
588 2220 615 2274 4.
668 2219 939 2291 ’4444444444ιᾶ
994 2219 1111 2272 'sonum
1127 2215 1153 2269 4.
1203 2216 1300 2285 ’petat
1313 2224 1341 2271 et
1354 2229 1490 2274 annuente
1503 2221 1593 2290 priore
1604 2232 1698 2295 surgat
1710 2237 1838 2283 serretur

193 2298 284 2346 444444
302 2291 418 2356 silentio,
433 2301 461 2346 et
479 2306 539 2346 cum
552 2289 653 2362 egressi
668 2288 784 2355 tuerint,
798 2291 904 2358 expieta
924 2287 1047 2343 oratione
1066 2287 1171 2342 reniam
1187 2295 1272 2356 petat,
1288 2295 1316 2340 et
1331 2288 1479 2344 secundum
1493 2295 1603 2346 modum
1622 2296 1719 2364 eulpae
1733 2296 1838 2353 iudicio

955 2430 1060 2488 NOTAE.

193 2361 333 2417 subiaceat
346 2361 373 2414 4.

230 2544 345 2599 ⁸Codex
368 2542 524 2599 Casinensis
545 2544 716 2615 :parentibus
740 2545 795 2598 4444
825 2554 871 2599 aut
891 2545 987 2599 amicis

193 2614 364 2669 commendet.
384 2613 606 2668 centuriatores:
636 2614 768 2668 arentibus
786 2615 841 2668 sair
859 2624 906 2668 aut
928 2631 987 2668 mo-

194 2685 308 2738 nasterio
326 2685 480 2737 committat.
500 2683 528 2738 ln
541 2631 643 2754 segusa
662 2681 690 2738 S.
711 2684 847 2739 Benedicti
872 2699 932 2753 cap.
953 2684 988 2740 58

193 2752 313 2824 legitur:
329 2772 338 2803 r
355 2753 407 2808 Res
421 2754 443 2808 si
460 2767 529 2823 quas
541 2754 641 2816 habet,
659 2761 706 2806 aut
719 2763 812 2825 eroget
834 2756 910 2824 prius
922 2769 988 2823 pau·

192 2824 311 2894 peribus,
325 2832 371 2877 aut
385 2821 456 2877 sacta
471 2823 628 2880 solemniter
639 2824 783 2879 donatione
794 2826 917 2880 conterat
930 2838 988 2880 mo·

193 2893 324 2948 44444444.
341 2912 350 2944 r
369 2893 467 2949 anuz.

228 2970 320 3027 bPost
335 2973 387 3028 ista
411 2973 535 3042 sequitur
555 2974 583 3027 in
607 2972 727 3028 editione
745 2972 986 3040 Centuriatorum‚

195 3061 205 3094 r
220 3042 247 3097 id
262 3050 322 3105 est,
343 3044 492 3098 secundum
515 3043 635 3114 regulam
651 3043 738 3098 saueti
759 3042 897 3100 Benedicti
923 3061 988 3114 pro·

192 3112 338 3169 sessionem
352 3113 380 3168 in
391 3114 506 3169 ecclesia
520 3114 610 3169 saciat.
628 3133 637 3166 r
652 3114 690 3168 ln.

229 3208 240 3236 ⁶
256 3196 459 3252 Centuriatores
473 3211 480 3249 :
495 3194 598 3249 coculla
612 3196 711 3250 celetur
722 3197 815 3268 capite.
829 3198 897 3253 tide
909 3207 988 3254 uotas

191 3265 312 3336 ejusdem
328 3266 459 3332 44444444,
471 3281 533 3337 pag.
547 3264 609 3321 944.
625 3266 662 3319 44.

226 3344 335 3407 tutta,
348 3345 388 3399 uti
402 3344 520 3398 diximus
532 3346 567 3400 44
579 3342 751 3410 Saluianum,
765 3360 797 3402 ea
813 3355 874 3401 erat
889 3363 987 3417 paren-

193 3424 250 3470 tum
266 3415 414 3468 auctoritas
428 3423 457 3468 ut
481 3414 574 3469 liceret
594 3415 647 3469 illis
662 3415 763 3471 liberos
781 3432 845 3472 suos
858 3419 940 3472 etiarn
960 3419 989 3474 in

191 3484 308 3554 pueritia
322 3498 420 3538 vovere
441 3484 506 3547 beo,
522 3484 562 3538 sie
574 3493 604 3538 ut
627 3485 687 3539 istis
705 3485 746 3540 sas
765 3501 818 3541 non
838 3488 990 3556 essetabji-

192 3568 256 3609 cere
276 3554 430 3608 institutum
448 3553 521 3623 quod
542 3561 648 3623 patrum
668 3554 783 3623 imperio
801 3567 986 3626 susceperant.

191 3624 250 3678 luto
268 3637 322 3676 non
343 3622 430 3676 solum
450 3632 530 3677 natos
549 3624 693 3689 ror-ebant,
715 3626 763 3679 sed
782 3627 864 3681 etiam
879 3641 927 3683 eos
942 3629 988 3696 qui

192 3693 313 3748 noudum
336 3692 403 3753 nati.
424 3692 452 3746 in
477 3693 572 3748 matris
594 3702 672 3749 utero
701 3695 782 3763 positi
806 3704 894 3751 erant.
911 3697 988 3764 Quod

192 3762 298 3818 duobus
312 3760 465 3818 illustribus
478 3763 610 3831 exemplis
625 3764 804 3820 ostendimus.
825 3765 884 3820 Non
898 3769 985 3823 solum

193 3841 283 3888 autem
303 3832 407 3901 eosqui
423 3831 480 3899 jam
494 3833 616 3902 concepti
630 3843 726 3899 erant,
742 3837 883 3891 sedetiam
899 3846 986 3893 naset-

193 3903 269 3959 44444
282 3901 310 3956 in
324 3903 497 3968 unir·crsum;
513 3911 543 3958 ut
564 3912 639 3972 patet
659 3920 692 3959 ex
715 3913 876 3962 testamento
895 3905 986 3962 Ludo-

191 3972 244 4027 rici
259 3971 335 4037 llll,
351 3970 515 4028 Francorum
527 3974 609 4044 regis,
625 3975 694 4043 apud
709 3973 846 4032 hodream
863 3977 985 4033 buches-

195 4043 282 4108 oium‚
297 4050 363 4097 torn.
380 4044 411 4107 4,
426 4058 486 4112 pag.
501 4044 574 4100 525:
591 4046 671 4100 rltem
686 4046 808 4102 volumus
823 4055 850 4100 et
863 4048 987 4117 precipi-

192 4128 254 4167 mus
268 4113 339 4182 quod
353 4113 463 4182 quintus
477 4114 548 4169 lilius
568 4124 661 4169 noster
675 4116 709 4169 sit
725 4115 839 4172 clericus
851 4125 878 4172 ct
891 4133 987 4173 onmes

192 4182 238 4237 alii
252 4183 298 4251 qui
320 4191 381 4251 post
394 4199 456 4238 eum
482 4195 635 4240 nascentur.
653 4205 662 4237 s
680 4186 763 4241 Porro
786 4181 938 4242 blenardius
959 4188 986 4242 iu

192 4253 265 4309 uotis
279 4253 314 4307 ad
327 4252 506 4308 Concordiam
527 4255 691 4325 Regularum
731 4272 774 4327 ag.
789 4257 841 4312 4484
854 4267 881 4312 44
896 4274 986 4339 seqq,

192 4330 221 4377 et
247 4322 361 4378 Carolus
376 4323 413 4378 he
435 4321 530 4379 Coiute
561 4325 587 4378 in
613 4273 763 4380 4444444444
797 4327 987 4382 ecclesiasticis

193 4389 360 4447 Francorum
376 4394 410 4447 ad
428 4409 528 4447 anuum
542 4393 604 4458 544,
620 4394 634 4465 5
653 4394 696 4460 ll,
717 4394 809 4450 multis
826 4397 987 4452 testimoniis

193 4461 356 4517 oonllrroant
376 4463 468 4531 pueris
490 4479 558 4532 quos
575 4474 701 4533 parentes
716 4464 771 4519 beo
785 4466 938 4522 obtulerant
959 4469 986 4523 in

193 4531 367 4586 roooaueriis
387 4547 440 4587 non
470 4532 579 4588 licuisse
607 4534 745 4590 discedere
768 4551 930 4607 quacunque
954 4539 987 4593 de

193 4615 296 4666 44444,
311 4601 335 4655 44
349 4617 392 4657 res
413 4602 534 4672 legitimo
546 4603 642 4659 ordine
655 4611 683 4660 et
699 4606 845 4661 secuudum
866 4607 986 4679 regulam

193 4678 304 4741 peracta
328 4670 433 4728 luisset.
457 4670 611 4728 l'ornrulam
635 4675 752 4756 qrraliter
770 4687 895 4747 parentes
918 4678 988 4733 lilios

193 4757 258 4798 suos
269 4740 386 4797 oderant
402 4744 428 4796 in
443 4745 615 4799 monasteriis
628 4745 688 4800 rude
702 4746 729 4800 in
745 4762 815 4801 nova
829 4747 988 4804 collectione

196 4811 371 4937 {grmplarum
390 4828 451 4883 rap.
473 4814 517 4879 at,
541 4823 641 4884 etque
654 4814 710 4871 illic
731 4816 841 4873 anobis
856 4827 989 4873 annotan-

227 4899 250 4936 r.
281 4899 307 4936 n.

202 4959 345 5087 ῃὲῑ4414444
355 4960 458 5028 Casio„
472 4962 616 5019 oblationis
628 4964 775 5021 seeundum
788 4966 907 5039 regulam
921 4966 988 5024 ode·

262 5070 268 5082 .
293 5047 320 5084 o.

231 5106 242 5146 i
255 5107 319 5163 llzcc
329 5107 426 5165 desunt
439 5109 466 5164 in
478 5110 581 5181 aliquot
593 5113 802 5184 exemplaribus.
821 5114 860 5172 ln.

1039 2544 1152 2608 haheat,
1172 2543 1198 2596 in
1215 2557 1268 2611 quo
1280 2542 1466 2612 delinquentes
1480 2546 1641 2616 regulariter
1654 2550 1834 2621 puniantum

1039 2614 1138 2668 Verum
1161 2614 1204 2667 hic
1215 2628 1310 2667 carcer
1323 2612 1391 2669 adeo
1403 2618 1487 2670 druus
1498 2629 1592 2698 postea
1612 2623 1699 2674 erasit
1713 2630 1742 2674 ut
1755 2624 1838 2678 mise·

1039 2683 1169 2738 rationem
1192 2683 1354 2751 peroraverit
1376 2684 1506 2754 Stephani
1537 2688 1731 2761 archiepiscopi
1757 2691 1840 2748 Tolo-

1038 2754 1108 2817 sani,
1121 2752 1154 2806 de
1170 2768 1223 2821 quo
1238 2752 1296 2808 hare
1317 2753 1441 2822 leguntur
1460 2755 1486 2809 in
1504 2756 1621 2813 Historia
1643 2759 1838 2834 chronologica

1040 2821 1089 2878 444.
1110 2823 1340 2893 parlameutorum
1362 2827 1456 2894 patriae
1478 2824 1623 2891 Occitanre‚
1648 2830 1751 2900 scripta
1773 2843 1837 2889 ante

1039 2892 1169 2948 ducentos
1188 2908 1273 2947 annos
1290 2910 1304 2946 a
1317 2893 1461 2953 Guillelnro
1476 2897 1593 2953 Burttiuo
1607 2902 1767 2957 consiliario
1783 2904 1838 2958 cle-

1039 2962 1096 3018 rico
1120 2966 1146 3017 in
1159 2962 1331 3085 pedamento
1344 2963 1488 3023 Tolosano.
1514 2987 1523 3019 r
1546 2968 1624 3025 dono
1635 2970 1743 3025 bomini
1756 2973 1838 3039 tuto,

1038 3042 1066 3087 ct
1084 3032 1158 3089 die2
1191 3032 1322 3099 44444444,
1344 3050 1405 3090 cum
1424 3053 1469 3093 rer
1484 3034 1600 3095 loannes
1619 3054 1840 3101 commoraretur

1039 3102 1110 3174 apud
1123 3102 1318 3159 l'illamnoram
1329 3104 1406 3173 juxta
1417 3107 1593 3175 dreuionem,
1608 3110 1690 3167 durio
1701 3112 1840 3171 Rhodano

1039 3173 1210 3238 intermedio,
1230 3181 1258 3226 et
1278 3175 1313 3229 ibi
1331 3184 1468 3232 certamen
1493 3179 1645 3236 lancearum
1666 3182 1724 3237 sire
1744 3185 1840 3241 hasta·

1039 3259 1110 3309 rum,
1126 3243 1197 3313 quod
1214 3259 1264 3298 nos
1282 3252 1498 3302 torneamentum
1518 3265 1654 3317 vocamus,
1671 3253 1842 3311 celebrasset

1039 3322 1096 3369 tota
1115 3315 1190 3368 curia
1206 3315 1295 3383 papuli
1314 3314 1452 3383 adstante,
1470 3327 1556 3374 totum
1577 3336 1607 3375 se
1629 3325 1770 3381 commisit
1790 3342 1840 3383 nc·

1038 3383 1119 3453 gotiis
1141 3385 1235 3508 patriae
1252 3383 1406 3451 04444444,
1432 3396 1459 3442 44
1480 3389 1545 3443 nulli
1569 3392 1737 3449 audientiam
1756 3397 1841 3453 4444-

1039 3455 1121 3524 garit.
1156 3462 1216 3509 uter
1233 3453 1282 3510 bos
1300 3456 1418 3511 sicarius
1436 3460 1571 3529 generalis
1595 3460 1728 3531 Stephani
1748 3467 1841 3523 arehi-

1039 3525 1156 3594 episcopi
1181 3522 1308 3580 Tolosani
1339 3541 1373 3580 ex
1399 3530 1526 3585 mandato
1548 3530 1613 3586 dicti
1637 3533 1775 3605 archiepi·
1830 3537 1838 3550 ’

1039 3603 1202 3664 conquestus
1226 3604 1268 3650 cst
1291 3596 1325 3651 de
1347 3596 1469 3653 horribili
1493 3599 1583 3670 rigore
1603 3617 1684 3671 quem
1707 3621 1793 3661 mona
1831 3608 1841 3663 i

1039 3666 1202 3746 exercebant
1223 3665 1353 3721 adversus
1374 3669 1520 3725 monachos
1540 3673 1660 3742 grauiter
1678 3685 1840 3744 porcantes.

1040 3749 1087 3790 eos
1098 3735 1266 3803 conjiciendo
1279 3736 1307 3790 in
1318 3753 1455 3795 carcerem
1466 3749 1634 3810 perpetuum,
1647 3745 1840 3813 urrebrosum.

998 3827 1021 3888 C
1039 3814 1066 3858 et
1078 3805 1234 3868 obscurum,
1251 3821 1331 3874 quem
1350 3804 1420 3863 l'arle
1433 3810 1462 3864 irs
1474 3827 1538 3881 poce
1555 3812 1684 3879 vocitant,
1697 3816 1749 3884 qui
1769 3818 1840 3875 nihil

1039 3874 1111 3929 aliud
1138 3875 1274 3930 habebant
1297 3891 1346 3945 pro
1369 3879 1440 3934 rictu
1463 3895 1545 3949 quarn
1569 3897 1666 3951 panem
1683 3893 1838 3959 etagurur,

1037 3945 1112 3999 onrni
1132 3946 1268 4000 consortio
1290 3946 1420 4004 sodalium
1443 3950 1497 4005 illis
1518 3951 1653 4023 adempto,
1678 3953 1719 4010 ita
1742 3959 1838 4028 utqui

1038 4015 1101 4070 buic
1116 4030 1204 4085 poenre
1223 4016 1322 4071 addicti
1344 4027 1417 4082 sunt,
1433 4034 1540 4089 semper
1560 4032 1671 4092 percant
1685 4025 1838 4098 desperati.

1039 4086 1125 4153 Super
1140 4083 1292 4152 huiusmodi
1310 4088 1478 4156 querimonia
1499 4107 1545 4146 rex
1562 4108 1611 4161 pcr
1627 4109 1706 4150 suam
1726 4099 1840 4154 444444-

1038 4155 1139 4209 tionem
1157 4157 1253 4210 statuit
1270 4155 1342 4226 quod
1363 4158 1489 4229 deinceps
1507 4162 1627 4229 abbates,
1652 4166 1773 4234 priores.
1791 4183 1840 4225 su·

1037 4225 1174 4295 periores,
1192 4234 1220 4280 et
1236 4242 1331 4281 omncs
1351 4230 1544 4299 gubernatores
1562 4236 1792 4294 urouastcriurusu
1810 4246 1840 4295 et

1038 4304 1218 4365 conventuum
1230 4297 1271 4351 bis
1285 4298 1311 4351 in
1325 4313 1418 4354 mense
1430 4300 1572 4356 visitarent
1585 4311 1612 4358 et
1626 4307 1841 4365 consolarentur

1038 4364 1137 4421 tratres
1148 4367 1193 4434 qui
1207 4367 1234 4420 in
1248 4366 1294 4421 tali
1307 4382 1434 4437 pressura
1448 4371 1642 4436 detinerentur.
1655 4382 1682 4431 et
1695 4379 1772 4446 quod
1784 4380 1840 4437 44444

1038 4436 1133 4491 liceret
1143 4446 1236 4505 petere
1250 4440 1414 4493 consortium
1430 4441 1510 4497 unius
1522 4444 1646 4499 monachi
1660 4446 1695 4501 de
1708 4450 1840 4507 sodalitio

1039 4506 1080 4561 bis
1097 4507 1123 4560 in
1141 4521 1234 4561 meuse
1249 4508 1413 4563 habendum.
1427 4510 1484 4577 Qua
1497 4513 1530 4569 de
1540 4527 1570 4567 re
1583 4514 1687 4571 litteras
1708 4527 1838 4589 44444444

1038 4576 1164 4645 expedire
1182 4574 1255 4642 lecit,
1273 4593 1387 4647 quarum
1402 4584 1603 4639 exsecutionem
1619 4585 1799 4653 demandavit
1809 4599 1839 4647 44

1039 4646 1174 4701 commisit
1195 4644 1315 4720 Olivario
1335 4649 1368 4704 de
1385 4649 1448 4704 Saia
1471 4654 1621 4710 senescallo
1637 4655 1787 4727 Tolosam,
1809 4669 1838 4717 44

1039 4716 1099 4771 aliis
1117 4714 1215 4771 suturis
1232 4718 1387 4774 senescallis
1403 4723 1498 4789 patrio
1508 4722 1653 4781 04444444.
1678 4727 1734 4785 Pro
1760 4746 1840 4787 reso-

1039 4786 1146 4842 catione
1165 4786 1316 4854 hujusmodi
1343 4791 1521 4847 ordinationis
1545 4793 1642 4851 4444444
1667 4798 1793 4857 44444444
1809 4808 1838 4857 44

1039 4855 1137 4911 fratres
1159 4857 1351 4925 predicatores
1381 4861 1450 4916 mira
1477 4861 1618 4929 lecerunt,
1641 4870 1836 4927 4444444444444

1038 4941 1114 4995 pape
1131 4927 1362 4996 reclamaverunt3
1384 4931 1430 4985 sed
1450 4948 1497 4987 rex
1512 4935 1543 4990 in
1561 4950 1609 4989 sua
1621 4936 1838 5013 voluntatem·

1039 4997 1189 5061 severant,
1209 5006 1236 5052 et
1253 4999 1338 5055 voluit
1356 5002 1429 5069 quod
1446 5004 1598 5069 obedirent,
1613 5014 1661 5060 aut
1681 5021 1771 5081 regno
1786 5026 1836 5067 suo

1039 5066 1154 5122 abirent.
1168 5068 1226 5136 Qua
1241 5070 1274 5124 de
1287 5085 1378 5136 eausa,
1394 5073 1501 5129 etiamsi
1514 5075 1590 5129 insiti
1601 5084 1630 5131 44
1640 5090 1833 5150 repugnantes,

1038 5136 1203 5194 uoluntatem
1224 5140 1296 5209 regis
1309 5143 1429 5197 exsecuti
1449 5152 1521 5199 suut.
1536 5145 1686 5202 Barbarum
1701 5151 1777 5207 44444
1792 5160 1835 5208 est

230 5191 346 5249 ‘Codex
357 5194 542 5261 helmaestad..
558 5196 592 5252 lit
606 5215 696 5256 curer
707 5200 803 5273 hirqui
818 5202 916 5274 sugere,
929 5211 982 5259 etc.
1001 5201 1025 5261 D
1037 5208 1219 5264 incarceratos
1236 5211 1313 5266 etsie
1333 5211 1446 5268 albictos
1459 5215 1532 5270 omni
1545 5215 1643 5272 solatio
1653 5226 1683 5273 44
1696 5224 1836 5279 cometis

193 5261 350 5318 llabuerunt
377 5279 483 5335 semper
505 5270 668 5325 monasteria
693 5286 816 5329 carceres
837 5275 866 5328 in
887 5275 986 5344 quibus

193 5332 319 5389 monaehi
334 5332 478 5391 facinorosi
495 5337 696 5395 includerentur
708 5343 741 5397 44
759 5344 889 5413 agendam
910 5359 986 5400 sere-

193 5404 292 5459 riorem
306 5405 502 5473 paenitentiam.
516 5408 630 5463 Exstant
642 5408 757 5480 plurima
770 5412 881 5482 hujusce
895 5415 934 5469 rei
946 5422 986 5470 te

191 5473 376 5538 stimonium
396 5476 492 5546 primis
511 5481 620 5534 veroin
642 5482 751 5537 statutis
771 5498 830 5551 quae
845 5483 985 5542 (onradus

193 5543 414 5626 archiepiscopus
426 5546 594 5604 Coloniensis
608 5549 692 5605 edidit
706 5568 777 5609 anno
794 5553 869 5615 4460,
883 5554 916 5608 44
928 5557 983 5610 sita

192 5619 221 5666 et
233 5626 437 5670 oontersatroue
450 5620 669 5675 monachorum«
680 5621 829 5678 Statuimus
840 5627 934 5690 etiam,
944 5627 984 5680 io·

108 5714 174 5756 ι
190 5682 265 5754 gerit,
287 5685 358 5754 quod
378 5686 516 5757 quodlibet
537 5692 730 5748 monasterium
749 5709 829 5752 suurn
847 5709 1001 5775 carcerem¹

1038 5282 1486 5409 aqffdugpfflsaiaeugllsmaddit:
1508 5365 1563 5411 ret
1586 5370 1725 5418 annitente
1744 5362 1836 5433 prm

1037 5428 1139 5490 surgat.
1156 5419 1285 5476 Servetur
1304 5433 1395 5477 tamen
1406 5425 1523 5481 silentio.
1542 5426 1575 5482 u
1587 5434 1765 5503 osmegmsi
1776 5432 1836 5488 444·

1037 5490 1102 5553 rint,
1122 5490 1227 5561 expleta
1250 5493 1383 5559 oratioue,
1406 5496 1512 5551 veniam
1532 5508 1617 5567 peut,
1632 5509 1663 5555 44
1684 5504 1834 5560 secundun

1038 5559 1147 5614 modum
1165 5560 1251 5629 culpe
1267 5561 1370 5630 judicio
1383 5562 1533 5634 subjaceat.
1549 5569 1630 5625 »tide
1648 5570 1783 5644 lieguhm
1802 5573 1833 5629 S.

1038 5630 1185 5694 Benedicti,
1196 5645 1256 5699 erp.
1271 5633 1314 5687 tt.
1333 5634 1370 5689 ln.

1078 5701 1085 5742 t
1100 5701 1129 5756 44
1145 5702 1263 5758 44444444
1275 5702 1493 5763 centuriatorum
1506 5718 1601 5781 postea
1617 5712 1763 5784 sequium:
1780 5711 1833 5770 444
