3826 6112
136 277 189 332 titt
585 273 617 328 Β.
637 272 763 331 cnuott
781 271 888 328 uacui
907 270 982 328 OPP.
1004 269 1093 324 Puris
1112 271 1131 325 i.
1153 269 1272 327 SEC'illl
1290 271 1311 324 1.
1725 271 1773 327 tot

68 383 72 388 ’
171 389 233 442 515.
257 386 292 440 De
315 400 367 438 nou
390 383 602 451 condempnando
629 386 635 414 ¹
662 386 724 449 illo,
752 385 824 439 cuius
847 400 927 437 cauta
941 386 964 445 A
979 383 1106 438 connubia
1122 401 1172 438 nou
1192 385 1298 439 duraut.
1315 383 1349 455 lit
1362 382 1501 439 cbristiaui
1521 399 1554 439 et
1571 384 1775 454 propinquitate

134 459 274 528 ditipenter
296 471 346 508 noa
369 460 407 506 est
429 455 587 507 eeanrinnta.
610 453 666 509 Nou
689 464 731 510 est
749 454 847 508 iustam
861 468 926 507 con·
977 453 1019 508 sui
1033 454 1171 519 sanguinis
1185 454 1319 508 connubia
1337 469 1389 507 uon
1413 453 1523 516 ducant,
1540 469 1591 510 nec
1616 455 1678 509 sine
1692 455 1773 508 bene-

135 528 283 595 derupnare
303 525 388 578 tirum
411 523 513 578 'cuius
533 537 614 578 causa
627 523 660 577 ad
674 522 802 592 liquidum
818 535 871 577 troo
885 529 928 577 est
976 522 1096 579 dictione
1108 523 1256 579 sacerdotis
1272 524 1373 576 nubere
1387 522 1513 577 audeant.

137 596 300 653 exuttrinata.
1012 591 1075 646 328.
1098 592 1117 645 ll
1122 601 1131 644 t
1142 608 1195 645 non
1209 592 1352 658 canentur,
1367 608 1432 658 quae
1445 606 1550 661 propter
1562 592 1703 646 utilitatem
1715 601 1774 647 sum

172 661 234 719 514.
255 661 293 715 oe
307 663 346 716 iris
367 661 409 732 qai
425 662 495 731 satra
510 661 632 731 fratribus
658 661 783 733 rapita'ia
801 659 926 715 obiciatur.
977 661 1105 716 instituta.
1118 661 1192 728 Quae
1202 661 1235 715 ad
1247 669 1402 729 perpetuant
1414 660 1555 715 utilitatem
1566 671 1630 716 sunt
1641 662 1773 728 instituta,

136 733 200 796 Eos,
217 733 263 803 qui
278 732 343 785 ialsn
359 731 485 785 iratribus
508 731 632 801 capitalia
656 731 788 786 obiecisse
811 729 927 784 convicti
977 732 1050 787 nulla
1064 730 1275 786 commutatione
1289 729 1442 793 variantem
1463 745 1513 785 nee
1525 728 1704 798 adpriratuut
1718 742 1773 785 tra·

136 803 244 865 luerint,
254 800 352 870 placuit
363 801 648 868 eosusquearlexitom
656 816 708 854 non
717 799 927 854 corumuuicare.
978 799 1075 856 bantur
1098 799 1280 863 commodum,
1300 814 1369 867 quae
1387 801 1420 853 ad
1441 799 1540 854 tronum
1554 807 1618 854 suut
1630 816 1774 856 commone

171 869 234 924 515.
256 869 294 923 ite
307 870 459 939 deponendo
482 872 614 924 sacerdote
634 870 674 924 aei
688 871 779 934 troila,
793 868 817 922 ti
831 869 928 921 eristen
977 870 1106 938 praelixa.
1133 868 1167 922 tit
1189 869 1358 923 manentibus
1378 869 1507 933 terminis,
1532 883 1600 938 quos
1621 879 1774 925 statuerunt

192 939 242 994 uad
255 941 287 993 de
299 955 326 994 se
338 941 472 1007 consessus
487 942 573 1011 [uerit.
590 942 624 994 tu
637 939 763 994 sacerdos
777 937 820 991 vel
835 937 928 1004 levita,
978 947 1089 1007 patres,
1120 952 1200 993 nemo
1222 939 1351 1004 dampnet
1374 937 1513 1003 alicuum;
1535 938 1584 992 sed
1610 938 1683 993 iutra
1710 939 1774 996 iiues

978 1008 1103 1076 proprios
1126 1014 1208 1077 atque
1227 1005 1369 1075 legitimos,
1384 1015 1464 1076 prout
1479 1006 1540 1076 quis
1554 1007 1682 1077 voluerit,
1695 1008 1724 1064 in
1737 1009 1773 1064 la·

171 1077 235 1131 otti.
257 1075 296 1130 ile
321 1077 361 1131 tris
380 1078 423 1147 qui
438 1076 537 1133 libellos
555 1079 667 1149 famosus
681 1075 887 1198 interrogarunt
901 1075 928 1128 in
980 1076 1093 1133 tittnlrne
1106 1092 1137 1131 se
1150 1074 1273 1130 caritatis
1287 1084 1424 1132 exerceat.

134 1148 242 1203 ecclesia
262 1149 379 1216 posuisse
393 1146 419 1210 ⁸,
442 1157 471 1201 ut
490 1148 750 1200 auatttemntizeutur.
800 1144 808 1198 i
827 1144 872 1213 qui
888 1144 929 1197 in·
1014 1147 1077 1201 529.
1098 1144 1136 1200 De
1150 1145 1202 1213 fide
1222 1143 1325 1200 Niceaa
1337 1145 1474 1200 smanrrda.
1491 1144 1567 1200 litut
1585 1147 1772 1218 prieiiepiaec·

134 1218 208 1272 venti
230 1215 330 1269 inerint
353 1214 457 1272 libellos
481 1214 600 1272 iarrtosos
624 1217 650 1271 iu
674 1214 788 1271 ecclesia
816 1227 928 1284 ponere,
980 1217 1116 1271 etesiarum
1131 1216 1232 1284 irttepra
1246 1228 1379 1269 mnnenau
1399 1213 1431 1269 iit
1448 1215 1512 1270 tides
1526 1217 1626 1272 Niccuo
1642 1229 1771 1283 servetur,

138 1286 413 1340 anathematizentur.
979 1294 1005 1339 et
1039 1285 1156 1352 ririlrgia
1173 1284 1346 1338 ecclesiaram
1363 1285 1471 1339 inlibata
1487 1294 1676 1366 perutaueant.

173 1355 235 1410 ott.
257 1353 278 1409 ii
282 1363 290 1407 t
305 1354 407 1409 deinter
422 1356 625 1410 commonionem
638 1369 684 1407 uec
698 1353 725 1406 in
740 1354 792 1422 fine
806 1353 928 1422 accipiat,
1014 1302 1076 1408 ibt).
1099 1353 1174 1418 Quod
1196 1367 1287 1407 coare
1308 1363 1387 1424 capnt
1402 1370 1453 1408 aon
1472 1365 1506 1407 stt
1521 1355 1661 1423 apendum.
1676 1357 1772 1412 Cntrtrs

135 1428 158 1481 si
171 1427 289 1479 inuentus
305 1426 381 1490 [uerit
394 1425 498 1495 quitibet
512 1424 721 1490 punctationem
736 1423 790 1476 eius
803 1426 929 1487 praescri·
979 1433 1059 1491 caput
1069 1424 1172 1479 etiarnsi
1185 1421 1333 1475 iacierulum
1345 1433 1397 1491 est,
1410 1438 1462 1477 non
1474 1423 1587 1479 libenter
1598 1425 1771 1496 adurittiurus.

136 1504 196 1566 ptus
217 1496 256 1549 rei
275 1494 434 1562 intersectas.
451 1493 560 1549 Delator
574 1495 595 1547 si
610 1493 669 1562 quis
691 1491 811 1546 extiterit
834 1489 928 1555 lidclis,
1013 1492 1073 1547 551.
1096 1492 1136 1546 De
1158 1491 1306 1560 prestiteris
1320 1495 1362 1559 pai
1377 1503 1468 1547 contra
1493 1510 1603 1549 cananea
1617 1494 1653 1547 ad
1670 1497 1774 1550 caruitn-

137 1574 165 1619 et
179 1579 227 1632 per
240 1563 402 1618 delationem
416 1566 475 1617 eius
488 1564 584 1632 aliquis
599 1562 678 1615 luerit
693 1562 874 1630 praescriptus
888 1559 929 1613 vel
979 1571 1032 1617 tam
1055 1564 1093 1617 ire
1114 1561 1242 1616 noluerint
1263 1564 1399 1631 susceptis,
1426 1564 1469 1632 qui
1488 1564 1616 1618 dominico
1639 1564 1741 1620 decrero
1756 1566 1773 1596 '⁴

137 1633 307 1698 interiectus,
320 1633 422 1702 placuit
432 1648 492 1688 euur
505 1648 554 1687 ucc
566 1632 592 1686 iu
604 1629 657 1685 liae
672 1646 711 1685 ac·
721 1630 795 1700 ipere
809 1644 930 1685 carama-
980 1635 1159 1688 roarmmrioae
1174 1629 1252 1684 alieni
1263 1632 1446 1685 decernantnr.
1463 1632 1501 1686 Es
1515 1633 1647 1688 relatione
1659 1649 1774 1702 quorun-

139 1704 259 1758 niouem.
981 1703 1043 1757 dant
1057 1701 1209 1765 didicimus,
1226 1699 1344 1767 qualiter
1357 1702 1509 1769 presbiteri,
1524 1704 1569 1768 qai
1584 1715 1681 1757 corsua
1697 1719 1774 1758 carra-

174 1769 236 1825 518.
257 1768 300 1825 Ne
315 1770 408 1840 aliquis
418 1772 552 1841 episcopas
563 1771 602 1826 uel
614 1770 721 1840 inferior
736 1767 832 1850 prodas
847 1767 929 1822 domi·
981 1786 1029 1826 nes
1042 1770 1183 1826 aduersum
1205 1784 1256 1824 nos
1269 1769 1302 1823 ad
1316 1772 1474 1824 comitatum
1497 1772 1589 1826 neseio
1604 1787 1657 1838 aaa
1684 1775 1774 1829 audaci

137 1841 196 1895 nico
208 1840 409 1912 diequanqanm
422 1839 536 1894 iudicare
551 1849 708 1910 praesumat.
723 1837 757 1893 bt
772 1835 860 1901 trullus
873 1838 931 1906 epi·
983 1841 1135 1897 temeritate
1151 1840 1190 1894 ire
1201 1839 1354 1906 voluerunt,
1368 1841 1485 1908 suscepti
1503 1849 1574 1895 suut.
1592 1841 1671 1898 Unde
1684 1841 1735 1898 bas
1746 1843 1775 1897 ad

138 1924 237 1976 scopus
258 1910 302 1964 tet
326 1911 387 1978 qais
409 1909 477 1964 inira
500 1911 604 1978 positus
621 1909 664 1964 die
686 1908 822 1963 dominico
836 1921 931 1962 causas
981 1927 1031 1966 ros
1044 1911 1146 1965 litteras
1158 1907 1369 1973 destinamus,in
1380 1910 1478 1977 quibus
1491 1911 1602 1966 decreto
1613 1919 1710 1966 austro
1718 1927 1775 1968 ssa·

138 1980 258 2035 iudicare
273 1988 436 2045 praesumat.
451 1977 555 2034 Ceteris
568 1994 633 2034 reru
652 1977 746 2032 diebus
758 1975 930 2033 contuberni·
983 1981 1069 2036 citurus
1089 1985 1254 2033 memoratos
1270 1979 1471 2046 perturbatores
1485 1995 1500 2033 s
1513 1981 1709 2035 communione
1721 1996 1776 2036 m

140 2049 191 2103 btrs
205 2050 328 2119 personis
349 2049 476 2117 illaquae
496 2049 565 2104 iusta
584 2056 646 2101 suut
661 2046 779 2101 babeant
793 2044 930 2101 licentiam
982 2052 1084 2104 alienos
1108 2047 1217 2102 debere.
1245 2048 1278 2101 ov
1301 2047 1371 2112 illos,
1399 2050 1443 2117 qui
1472 2049 1604 2104 effrenato
1629 2049 1694 2105 huie
1710 2051 1775 2106 lama

142 2117 412 2187 iudicandi,escepto
425 2117 577 2174 crirniuaba
589 2116 696 2185 negotia
711 2116 732 2170 ⁵.
978 2118 1095 2175 ⁴consilio
1119 2131 1259 2172 assensum
1287 2117 1460 2172 commodare
1490 2117 1644 2178 voluerunt.
1675 2130 1776 2175 vestrae

177 2186 239 2241 nto.
260 2185 298 2240 De
312 2195 423 2257 patente,
439 2187 461 2240 si
483 2203 620 2256 pauperent
643 2188 811 2256 ecpo'inaerit
834 2200 858 2242 et
879 2205 931 2244 non
982 2189 1101 2244 caritatis
1126 2196 1168 2242 est
1195 2187 1332 2250 estiotare,
1360 2186 1476 2255 qualiter
1498 2189 1659 2243 habeantur.
1680 2188 1776 2254 Ooiiras

140 2257 281 2311 reddiderit
305 2264 458 2311 antoneute
480 2258 617 2328 episcopo,
638 2265 665 2308 ut
686 2260 931 2312 excommunicetur.
984 2259 1092 2313 obicere
1114 2255 1236 2318 debetis,
1251 2253 1322 2324 quud
1338 2255 1410 2310 iusta
1426 2270 1544 2311 canones
1568 2256 1611 2311 lor
1624 2259 1678 2311 iter
1693 2259 1776 2312 iucur-

141 2327 170 2378 Si
186 2327 245 2394 quis
260 2335 400 2392 pareutum
423 2326 570 2395 quemlibet
592 2324 769 2393 expoliaverit
789 2335 817 2380 et
840 2329 932 2382 admo·
984 2342 1044 2384 rere
1068 2334 1095 2382 et
1120 2326 1236 2394 qualiter
1260 2325 1422 2393 precurrens
1451 2341 1503 2381 nou
1529 2326 1644 2381 decebat
1669 2328 1776 2383 rebelles

141 2403 223 2450 mute
234 2395 361 2462 episcopo
378 2411 431 2449 uou
447 2395 603 2456 reddiderit,
618 2395 876 2451 excommunicetur.
957 2453 959 2457 ,
987 2398 1104 2451 existere
1119 2402 1299 2449 tentaverunt.
1318 2393 1368 2449 Vos
1382 2404 1471 2449 auteur
1484 2410 1627 2450 monemus
1642 2397 1670 2450 iu
1683 2413 1776 2467 specu·

176 2463 238 2518 520.
261 2461 294 2516 iit
309 2464 395 2517 nulius
416 2465 523 2518 clericus
545 2465 577 2517 ab
601 2463 721 2533 episcopo
746 2480 792 2519 sua
816 2466 934 2520 recedere
987 2465 1211 2525 lisessedcltere,
1237 2477 1324 2530 neque
1348 2465 1373 2517 iu
1392 2479 1485 2520 curura
1510 2477 1670 2535 proruptam
1696 2466 1774 2520 auda·

142 2540 290 2603 praecantat
304 2542 328 2585 et
346 2533 381 2586 ad
393 2532 473 2586 nliran
486 2535 608 2587 transire.
624 2532 658 2587 iit
672 2533 760 2587 trullus
774 2534 887 2591 clericus
899 2535 934 2589 ab
985 2535 1053 2590 ciam
1068 2536 1087 2566 ¹¹
1104 2533 1239 2594 dereuire.
1252 2546 1321 2602 quos
1332 2533 1572 2590 auatbematinatas
1584 2538 1637 2590 scit
1648 2551 1663 2591 s
1674 2545 1742 2590 utta
1753 2544 1774 2592 et

141 2618 270 2672 ep÷scupo
284 2617 334 2656 sao
349 2603 458 2656 recedat
471 2609 498 2656 ct
512 2600 546 2656 ad
561 2603 641 2656 elium
654 2615 684 2654 se
697 2601 853 2658 transierat.
983 2605 1131 2673 apostolica
1143 2601 1269 2657 ecclesia.

176 2672 240 2726 bil.
261 2669 295 2726 tit
309 2671 405 2734 cirrici,
417 2671 460 2742 qai
475 2686 549 2724 arma
563 2673 791 2742 praescripserint,
802 2674 829 2726 in
843 2689 934 2728 mona·
1021 2672 1082 2728 552.
1103 2673 1139 2726 lie
1153 2673 1314 2726 sacerdotum
1339 2671 1443 2726 Douriui
1456 2674 1541 2727 cautis
1561 2690 1615 2728 non
1639 2683 1693 2728 ter:
1705 2677 1773 2728 inan·

142 2743 249 2795 sterium
262 2741 297 2793 ari
311 2740 439 2811 aperrdnrn
461 2741 646 2809 poenitentiam
666 2738 812 2796 tradantur.
831 2742 865 2795 tlt
878 2743 934 2798 cle·
980 2743 1026 2796 dis
1037 2744 1185 2813 prinsquam
1199 2757 1231 2794 ea
1246 2751 1354 2809 utraque
1369 2749 1442 2811 parte
1463 2743 1547 2810 tidelis
1561 2760 1575 2796 r
1591 2745 1774 2812 audiantur,et

142 2812 201 2876 rici,
218 2810 304 2877 quiin
320 2824 479 2878 quacunque
488 2809 620 2864 seditione
635 2824 710 2863 arma
721 2812 841 2865 vitiantes
855 2825 934 2873 prae·
986 2813 1126 2881 pariterue
1141 2811 1275 2881 tritipenter
1287 2821 1487 2879 perscrutentur.
1503 2812 1567 2879 Nos,
1586 2816 1634 2881 qui
1655 2823 1774 2869 sacerto-

141 2879 325 2948 srvatpserint,
353 2880 453 2948 reperti
477 2879 577 2932 amisso
604 2877 706 2932 ordinis
730 2880 771 2935 sai
796 2880 880 2949 gradu
907 2882 934 2936 iu
986 2891 1042 2935 tutu
1060 2878 1163 2936 bortrini
1181 2890 1276 2935 natura
1298 2886 1420 2935 voluutas
1434 2896 1494 2934 esse
1517 2881 1588 2949 iura,
1605 2883 1673 2938 nibil
1690 2899 1774 2953 passu·

145 2949 310 3004 ttrouasterio
324 2946 507 3017 poeniteutiae
521 2948 724 3002 contrudantur.
986 2967 1046 3005 utus
1065 2953 1090 3004 iu
1118 2951 1258 3017 incognitis
1272 2955 1351 3003 rebus
1365 2952 1390 3002 iu
1405 2951 1563 3019 cuiusquam
1584 2954 1671 3020 partis
1685 2953 1774 3007 indicia

179 3016 242 3072 ott.
263 3016 298 3072 iit
320 3017 407 3072 nullas
422 3018 433 3046 '⁶
446 3033 534 3087 repam
556 3017 630 3072 inires
655 3019 762 3074 canonis
776 3019 935 3074 ‘censuram
987 3021 1057 3074 distin
1070 3035 1109 3083 re,
1123 3021 1276 3088 priusquam
1291 3019 1496 3089 universaquae
1511 3033 1589 3089 gesta
1612 3031 1679 3077 suttt
1702 3038 1771 3077 vera·

143 3088 170 3141 in
184 3089 271 3158 aliquo
281 3087 377 3141 uiolare
387 3089 526 3156 permittat.
542 3086 626 3143 liuius
638 3088 838 3143 constitutionis
850 3071 971 3144 iovtttoC
987 3090 1055 3144 riter
1069 3091 1221 3142 audiamus.

142 3166 276 3218 terretur,
293 3164 323 3210 ιιι
344 3158 527 3212 execratutum
547 3157 556 3187 ²
578 3158 720 3211 arratbema
744 3157 791 3211 liat
813 3168 841 3212 et
862 3162 937 3213 velat
1023 3158 1086 3213 555.
1108 3155 1182 3222 Quod
1195 3157 1332 3223 Douriaus,
1348 3161 1390 3226 qni
1413 3161 1515 3213 animas
1528 3161 1665 3215 tramissa
1689 3165 1773 3226 satsat,

144 3227 346 3295 praevaricator
359 3225 509 3281 catbolicae
523 3226 582 3280 iidci
595 3239 701 3294 suuper
715 3241 730 3280 a
747 3227 860 3281 Domino
877 3244 938 3284 reus
986 3230 1129 3283 imitatores
1149 3244 1195 3281 rtos
1217 3230 1274 3282 vetit
1296 3244 1358 3282 strae
1370 3244 1427 3282 esse
1449 3230 1561 3298 pietatis.
1577 3229 1718 3296 Dorulaus,
1737 3233 1773 3302 qti

143 3297 267 3359 exsistat,
283 3295 445 3365 quicumque
465 3308 557 3363 regruu
571 3296 700 3364 deinceps
722 3297 833 3352 anons
858 3298 937 3354 tritius
988 3298 1061 3353 vertit
1075 3298 1178 3352 anirnas
1193 3297 1329 3351 bantinum
1344 3297 1458 3361 salvare,
1475 3315 1527 3351 ιιιιιι
1544 3300 1677 3368 perdere,
1694 3303 1773 3356 imita·

144 3380 286 3419 censuram
312 3364 338 3419 in
360 3379 528 3434 quocumque
549 3365 691 3420 crediderit
717 3375 764 3419 aut
786 3367 937 3435 permiserit
988 3377 1061 3423 tores
1080 3382 1130 3421 uos
1143 3366 1199 3420 vult
1213 3380 1273 3422 csse
1287 3381 1352 3420 suae
1377 3368 1494 3436 pietatis,
1513 3375 1543 3422 ut
1559 3379 1709 3437 peccantes
1722 3372 1773 3438 qui·

148 3434 313 3488 viulandum.
987 3439 1048 3491 dero
1064 3436 1163 3491 iustitia
1179 3436 1331 3501 coherceat,
1355 3451 1501 3492 couversos
1524 3446 1616 3493 autem
1641 3455 1659 3493 a
1681 3441 1774 3496 miseri·

182 3502 244 3558 oto.
266 3501 300 3556 iit
324 3504 495 3574 unusquisque
518 3504 624 3558 alterius
650 3506 732 3558 riuis
759 3519 888 3558 ›urcrtrrat
912 3515 937 3561 et
989 3505 1081 3561 curtlia
1097 3520 1149 3558 uou
1165 3504 1287 3573 repellat.

144 3574 212 3627 iram
228 3571 276 3625 oet
290 3588 335 3641 per
363 3588 422 3625 aaut
438 3575 641 3638 compacionem
656 3590 672 3626 n
686 3591 712 3627 se
734 3584 871 3628 reuocent.
885 3572 937 3629 Oc·
1023 3573 1084 3628 554.
1101 3575 1138 3626 lte
1151 3573 1282 3644 relipiouis
1296 3574 1410 3642 periculo
1423 3577 1454 3628 ab
1468 3577 1671 3648 uniuscuiusque
1681 3579 1773 3646 pietatis

146 3655 258 3697 currere
273 3650 348 3695 certe
359 3643 519 3695 ntiserorutu
533 3642 617 3696 ruistis
630 3641 710 3696 debet
723 3643 815 3698 subsid
826 3663 841 3697 u
856 3659 937 3698 ustus·
989 3646 1108 3698 cotrarien
1120 3645 1146 3696 ia
1163 3648 1323 3697 removenda.
1337 3643 1493 3712 lieruovete,
1509 3661 1688 3716 quaesumus,
1706 3664 1721 3701 a
1739 3664 1774 3702 te

150 3711 275 3778 quisque,
289 3724 343 3776 quo
358 3709 439 3777 valet,
450 3719 477 3764 et
493 3712 503 3741 ⁸
516 3710 680 3764 relevatione
692 3711 795 3767 atienae
805 3712 938 3768 vindictae
986 3724 1060 3767 strae
1070 3713 1349 3783 pictatiscunseieutia
1362 3715 1508 3782 periculum
1521 3717 1662 3786 religionis
1673 3726 1700 3772 et
1712 3720 1772 3772 utet.

149 3794 208 3834 ase
231 3779 277 3833 ilci
292 3793 432 3833 removero
452 3779 607 3834 vindictam.
628 3780 707 3834 Libat
727 3782 798 3836 erriru
825 3782 937 3837 {taurino
987 3781 1022 3836 Et
1031 3781 1134 3851 quadiu
1147 3781 1312 3836 secularibus
1327 3783 1442 3850 negotiis
1455 3793 1561 3838 vestrae
1577 3789 1709 3855 aequitati
1719 3804 1773 3841 euu-

148 3864 213 3919 pros
248 3864 287 3909 ra.
303 3849 347 3917 qui
361 3849 395 3901 ab
406 3846 512 3903 aillictis
525 3849 599 3916 pellit
611 3849 732 3904 adversa.
987 3861 1101 3916 coartor,
1109 3852 1134 3904 iu
1148 3866 1238 3905 rerum
1250 3850 1400 3906 divinarum
1411 3854 1623 3921 pertractatione
1633 3866 1773 3926 praestate.

186 3918 202 3971 5
224 3919 247 3973 ι.
269 3914 342 3980 Quod
355 3919 407 3981 tes,
423 3935 498 3987 quam
519 3933 575 3983 rer,
590 3921 632 3987 qai
650 3920 722 3987 prior
744 3921 760 3986 p
772 3923 801 3982 it,
817 3921 937 3985 irratituit,
989 3931 1018 3974 ut
1029 3920 1129 3976 curisti
1141 3919 1281 3989 euangelio
1295 3920 1348 3974 vim
1362 3935 1416 3976 nort
1431 3919 1528 3975 inierat
1542 3924 1738 3993 praesumptio.

148 3989 180 4041 ab
195 3988 250 4049 illo,
266 3989 308 4057 qui
322 3989 346 4040 ei
361 3990 523 4051 successerit,
537 3988 595 4056 pari
609 3990 734 4042 sententio
758 3990 879 4045 roborata
893 3993 935 4044 sit.
1023 3989 1084 4044 555.
1108 3992 1141 4043 ιι
1156 4005 1262 4045 strarrau
1274 4006 1357 4044 rerunt
1371 3999 1396 4044 et
1414 3991 1526 4045 omninum
1545 3995 1718 4046 acclamassem
1734 3995 1774 4046 rint

137 942 173 996 aii

134 1012 157 1066 si
173 956 207 1062 ie
220 1024 250 1063 se
263 1009 364 1062 crimen
377 1008 485 1077 aliquod
497 1009 651 1070 eotttlterur,
666 1010 826 1077 deponatur.

152 4055 260 4125 Legem,
282 4070 361 4123 quam
377 4065 470 4112 uoster
483 4056 566 4111 eaioit
581 4057 704 4127 princeps
716 4098 723 4122 ,
737 4059 825 4113 stabili
841 4064 939 4116 robore

152 4129 287 4178 lirruaruus
307 4134 388 4194 atquc
411 4134 440 4182 ιιι
464 4125 560 4183 lutaris
587 4128 753 4196 temporibus
781 4129 939 4186 abur-retur

152 4196 208 4264 peri
220 4195 350 4248 sententia
365 4195 519 4251 destitimus.

186 4263 248 4322 oto.
271 4263 305 4318 tu
318 4267 346 4317 in
365 4265 563 4334 metropolitano
588 4268 646 4321 sede
660 4268 695 4319 ad
716 4267 842 4336 synodum
856 4284 938 4339 apen·

987 4060 1166 4114 contmtruioue
1179 4060 1420 4129 narrentanorum
1432 4076 1511 4114 carna
1521 4061 1609 4115 adbuc
1618 4064 1774 4116 terminante

987 4137 1036 4182 ert.
1052 4128 1119 4185 iilud
1133 4130 1204 4198 quad
1219 4128 1254 4182 ab
1264 4130 1480 4186 antecessoribus
1490 4132 1592 4185 uostris
1604 4137 1773 4189 constitutum

989 4207 1040 4264 cst,
1056 4209 1083 4253 ct
1099 4215 1148 4252 uos
1162 4198 1351 4268 approbamus,
1366 4206 1395 4253 ιιι
1409 4212 1519 4254 suarum
1533 4213 1624 4255 rerum
1648 4203 1774 4257 omnium

988 4284 1041 4338 qua
1054 4267 1226 4323 ecclesiarum
1240 4269 1428 4322 commuuione
1444 4268 1499 4322 siut
1520 4268 1631 4324 interito
1650 4269 1773 4335 conteuti

148 4333 208 4387 doru
225 4349 311 4388 astrues
323 4335 456 4402 pontifices
471 4336 648 4404 conserantur.
659 4334 764 4390 Placuit
776 4335 897 4401 ttefiuire,
911 4347 939 4393 ut
989 4352 1129 4407 quousque
1143 4352 1159 4391 a
1174 4336 1250 4390 uobis
1264 4350 1347 4391 caasa
1360 4336 1529 4392 terminetur.

149 4403 269 4472 paternis
283 4403 493 4459 institutionibus
506 4405 684 4473 obsequentes
696 4406 721 4459 iu
732 4407 937 4473 nretrupolitaua
953 4404 977 4462 Ι)
1024 4405 1087 4460 556.
1109 4405 1143 4461 tir
1157 4421 1207 4460 noa
1223 4405 1343 4459 sinantur
1355 4407 1463 4470 incurri,
1475 4422 1583 4476 quoram
1594 4410 1774 4464 oautairtserlt

149 4471 214 4525 sede
225 4480 354 4541 tempure,
370 4487 424 4539 quo
436 4488 529 4528 omues
540 4473 715 4543 provinciales
727 4476 857 4546 elegerint
870 4491 938 4547 pon·

152 4540 246 4605 cilices,
263 4542 296 4594 ad
310 4541 441 4610 synodum
457 4541 603 4598 iaciendum
618 4542 721 4598 dotatis
735 4544 829 4598 studiis
843 4548 937 4601 coule-

151 4624 253 4662 ramus.

132 4725 134 4730 .
186 4676 248 4731 aad.
271 4675 293 4731 ti
296 4687 305 4729 t
320 4678 471 4747 dipnitatem
483 4681 605 4735 amittant
619 4697 716 4747 antaee,
732 4685 774 4752 qui
787 4683 821 4736 nd
834 4685 939 4752 espei-

148 4748 244 4801 tionem
259 4748 385 4800 exercitus
406 4764 459 4803 nou
472 4760 579 4830 pergunt
593 4761 637 4804 nat
655 4751 687 4817 de
700 4754 811 4805 exercitu
826 4755 937 4824 sapiant.

150 4814 266 4882 l‘lacuit,
281 4824 310 4870 ut
321 4817 418 4882 amuis,
434 4831 479 4885 qur
492 4829 538 4873 aut
551 4820 578 4873 iu
592 4821 791 4889 expeditionem
805 4824 939 4878 eternitas

150 4887 252 4954 absque
275 4887 357 4952 gravi
377 4888 537 4943 necessitate
561 4903 613 4942 nou
637 4889 820 4958 progreditur,
836 4899 882 4945 aut
904 4892 939 4948 de

151 4957 270 5019 exercitu
284 4954 367 5023 iugit,
383 4956 538 5013 testimonio
551 4957 687 5025 dignitatis
705 4973 770 5013 suae
784 4959 818 5014 sit
833 4960 938 5016 inrevo-

150 5025 273 5080 cabiliter
285 5039 396 5089 careos;
409 5024 444 5080 ita
458 5033 488 5080 ut
500 5025 526 5080 in
542 5027 699 5096 quibusdam
720 5027 817 5085 villulis
831 5031 871 5083 rel
885 5039 933 5085 ter·

152 5093 249 5148 rituriis
263 5096 319 5148 sire
333 5095 397 5149 vicis
412 5096 494 5164 pestis
515 5096 525 5126 ⁹
545 5096 624 5151 buius
634 5096 816 5152 infamationis
832 5099 936 5154 baleita-

152 5169 224 5218 tores
237 5162 356 5232 ipsorum
368 5163 489 5219 locorum
502 5165 556 5220 sint
568 5165 725 5234 degeneres,
737 5175 764 5220 et
778 5168 936 5224 testificandi

151 5231 192 5286 rel
207 5232 346 5286 accusandi
362 5234 460 5288 trullam
476 5235 591 5290 babeant
604 5235 748 5291 licentiam.

185 5299 247 5354 ooo.
266 5302 300 5356 ilt
325 5303 458 5357 christiani
479 5321 511 5358 ea
530 5306 719 5376 propinquitate
741 5306 781 5359 tui
804 5308 938 5377 saapuinis

988 4485 1036 4531 est.
1057 4475 1096 4531 Ne
1119 4476 1276 4543 cuiusquam
1300 4476 1408 4546 procaci
1434 4475 1629 4546 inpudentique
1654 4481 1772 4541 versam.

988 4546 1064 4614 quasi
1089 4546 1218 4601 incertum
1236 4545 1297 4612 quid
1315 4544 1481 4613 sequendum
1496 4547 1542 4608 sit.
1557 4547 1658 4603 sinatis
1672 4547 1774 4613 incurri,

987 4629 1048 4669 cam
1063 4615 1098 4668 ab
1107 4612 1262 4682 euangelica
1275 4614 1475 4683 apostolicaque
1487 4616 1610 4670 doctriua
1622 4631 1677 4674 noc
1689 4619 1715 4672 io
1728 4633 1773 4672 ιιιι

988 4684 1096 4752 quidem
1112 4684 1193 4739 rerba
1208 4682 1290 4737 liceat
1300 4684 1447 4747 discedere,
1463 4692 1509 4738 aut
1524 4685 1605 4740 aliter
1618 4685 1654 4741 de
1666 4689 1772 4757 scriptu·

989 4755 1027 4808 ris
1050 4753 1147 4808 divinis
1173 4752 1281 4817 babere,
1306 4767 1387 4821 qoam
1408 4752 1480 4807 beati
1503 4754 1622 4824 apostoli
1642 4766 1673 4811 et
1691 4765 1773 4827 patres

988 4823 1075 4879 nostri
1090 4822 1243 4877 didicerunt
1256 4829 1338 4890 atque
1351 4821 1511 4876 docueruut.

1024 4891 1087 4946 557.
1105 4891 1145 4947 De
1155 4893 1197 4945 iris
1209 4892 1253 4958 qai
1266 4906 1283 4944 a
1296 4889 1397 4945 sedibus
1410 4892 1464 4944 suis
1478 4895 1583 5013 βιιιιιιιι
1596 4893 1684 4964 puisi,
1698 4892 1773 4949 etalii

987 4961 1015 5016 in
1028 4963 1132 5016 illarum
1143 4962 1228 5016 lorum
1247 4961 1374 5014 substituti
1388 4968 1458 5014 suut.
1501 4961 1613 5017 lurimos
1626 4963 1726 5019 iratres
1736 4977 1773 5018 sc·

987 5032 1065 5086 dibus
1079 5035 1133 5087 suis
1158 5029 1248 5100 pulsos
1262 5038 1290 5083 et
1304 5033 1331 5084 in
1352 5029 1432 5085 exilia
1447 5030 1598 5085 audirimus
1609 5030 1771 5101 deportatos.

988 5111 1069 5169 atque
1087 5102 1114 5155 in
1138 5099 1198 5155 loco
1222 5100 1395 5167 superstitum
1411 5100 1431 5129 ¹¹
1447 5098 1514 5154 alios
1536 5100 1709 5157 subsututos.
1733 5099 1773 5156 liu

988 5170 1111 5239 primitus
1135 5168 1288 5224 vulneribus
1313 5168 1470 5222 adhibeatur
1493 5169 1628 5224 medicina
1649 5171 1770 5231 iustitiae,

988 5255 1022 5293 ne
1036 5241 1175 5308 quisquam
1191 5238 1227 5290 ita
1240 5245 1330 5292 careat
1344 5237 1470 5306 propriis,
1487 5247 1517 5291 ut
1527 5237 1598 5293 alter
1609 5246 1702 5295 utatm
1713 5241 1772 5294 alie-

988 5309 1040 5363 nis.
1055 5311 1139 5376 Quem
1164 5321 1283 5362 errorem
1304 5321 1398 5362 onmes
1420 5306 1581 5375 relinquant.
1598 5307 1705 5364 Neutiui
1718 5309 1770 5379 qoi-

746 5412 938 5471 vomentes
957 5416 1156 5474 LECTiONES.

188 5499 424 5600 ¹coutcmpoendu
438 5501 471 5557 G.
508 5506 562 5589 ’eu
604 5504 661 5558 Bal.
699 5501 843 5560 ⁸luisseG.
878 5505 1220 5579 ‘criminatinegotioiint
1258 5503 1394 5596 ⁵ortiles).
1434 5505 1565 5562 Ἤιδει).
1600 5509 1772 5591 'commodo

151 5581 218 5621 corr.
235 5567 293 5629 G„
340 5584 455 5627 errare.
473 5573 547 5628 etia.
603 5573 712 5627 t.ltabet
729 5581 756 5629 et
775 5587 819 5628 et.
864 5575 874 5604 ⁹
890 5585 982 5645 pestus
995 5580 1092 5634 llatae.
1109 5581 1165 5634 bnt.
1216 5582 1235 5610 ¹⁰
1251 5579 1319 5632 deest
1335 5575 1393 5628 bul.
1444 5576 1463 5605 ¹¹
1479 5590 1609 5649 prorupta
1621 5583 1729 5636 audatu
1740 5581 1768 5632 ts.

153 5635 174 5664 ¹²
189 5630 360 5708 sulpsrttltum
374 5656 440 5695 carr.
457 5643 645 5700 destitutorum
659 5641 691 5697 G.
