3826 6112
136 306 187 364 ast
538 297 569 352 B.
588 296 713 353 canunt
731 294 839 353 hauhi
855 294 932 354 OPP.
952 295 1042 351 Palla
1061 296 1082 350 l.
1102 294 1223 353 sedato
1242 292 1361 353 rotha.
1711 289 1767 347 Μ

135 421 208 493 qnod
227 428 318 473 umen
340 412 492 484 episcopus,
515 409 543 463 in
563 409 641 463 cuius
662 407 771 463 diocese
795 406 803 438 ¹
826 412 918 472 erunt,
931 409 958 469 Α
970 404 1219 460 sanctemonialium
1238 404 1351 475 recipiat
1370 403 1472 472 absque
1490 401 1587 458 notitia
1609 401 1652 457 vel
1673 402 1766 458 oonsi-

135 512 246 569 omnino
256 511 408 578 praecuret,
419 515 453 557 ne
464 498 529 555 ioris
542 499 706 555 monasterio
716 496 832 569 vagandi
843 510 921 550 usum
972 497 1110 552 derationc
1128 496 1246 566 episcopi
1266 495 1301 551 ad
1318 495 1396 550 cuius
1410 494 1537 549 diocense
1549 492 1668 562 pertinet
1688 490 1766 548 locos

137 603 262 657 habeant.
277 596 330 652 Sed
341 594 364 650 si
378 589 526 647 necessitas
538 589 574 644 sia
585 588 620 644 ad
632 588 751 657 aliquam
773 585 923 642 obhedien·
972 585 1032 651 ille;
1049 594 1077 641 et
1086 594 1116 641 ut
1128 586 1185 656 ipse
1196 586 1339 656 diligenter
1351 585 1487 654 exquirat,
1500 583 1616 653 qualiter
1630 583 1658 637 in
1667 590 1768 638 sancto

138 691 202 746 ιὶιιιι
223 685 321 754 aliquis
339 680 405 736 loris
424 691 544 750 pergere,
564 677 657 734 ethoc
677 691 739 732 cum
761 675 876 732 consilio
894 683 923 732 et
972 671 1766 746 loco¹¹adbeiservitiopermanerecupiat,etstahilitatem

136 789 297 834 consensum
309 770 428 842 episcopi
439 768 496 836 liat,
507 775 535 823 et
549 767 617 824 tales
628 781 762 839 personae
772 781 835 822 cum
845 767 923 822 testi·
971 782 1048 825 suam
1062 768 1161 824 ibidem
1173 766 1281 824 llrmare
1291 766 1334 822 vel
1344 764 1549 837 professionem.
1559 762 1664 820 Ancilla
1672 770 1767 820 autem

135 865 255 922 monium
272 862 337 918 loris
351 859 493 916 mittantur
511 859 540 914 ln
553 858 650 928 quibus
663 857 738 913 nulla
755 858 791 912 sit
809 855 923 927 suspitio
970 857 1086 913 aliorum
1097 858 1246 923 hominum,
1259 856 1301 912 vel
1316 856 1385 913 talea
1397 854 1513 911 leminas
1525 868 1595 924 quae
1614 852 1767 909 secundum

137 958 216 1023 mala,
228 955 297 1011 vela
311 953 409 1023 quibus
423 950 497 1006 nulla
510 951 619 1022 oppinio
633 949 704 1004 mala
717 949 831 1006 oriatur.
845 947 923 1004 Foris
972 961 1049 1004 moro
1064 946 1278 1003 conversationis
1296 946 1324 1002 io
1342 952 1437 1002 sancta
1452 943 1661 1015 congregatione
1673 942 1769 999 virere

134 1061 199 1102 vero
210 1043 344 1115 peculium
356 1040 398 1097 vel
408 1056 454 1096 res
465 1039 623 1096 monasterii
635 1039 718 1096 abbas
731 1053 793 1094 cum
804 1036 922 1108 episcopi
972 1037 1075 1104 volunt,
1087 1053 1183 1095 omnes
1193 1038 1309 1109 pleniter
1319 1036 1354 1093 de
1365 1036 1574 1107 congregatione
1585 1035 1729 1091 eiciamur.

134 1137 177 1191 sui
195 1133 332 1190 licentiam
356 1138 384 1186 et
398 1129 540 1185 consilium
559 1127 666 1184 ordinet
686 1127 733 1197 quvi
755 1125 922 1197 praevideat,
1009 1129 1053 1185 l9.
1074 1128 1111 1185 ιιι
1129 1129 1264 1199 episcopi,
1286 1128 1411 1192 abbates,
1433 1123 1597 1196 presbiteri,
1623 1124 1768 1190 diaeonus,

135 1241 189 1280 non
203 1223 374 1287 monachum,
395 1219 449 1275 nisi
461 1219 542 1274 alium
554 1219 566 1250 ¹
580 1217 697 1274 huelem.
717 1215 864 1286 Quaestum
874 1230 923 1273 vo·
972 1218 1114 1289 nudusque
1133 1234 1167 1274 ex
1187 1218 1261 1275 omni
1280 1218 1363 1288 clero,
1384 1231 1465 1274 canes
1482 1217 1517 1272 ad
1535 1215 1697 1282 venandum,
1716 1222 1769 1271 ant

135 1330 195 1371 mm
209 1313 331 1369 seculam
341 1311 384 1367 vel
393 1309 611 1380 concupiscentia
624 1307 820 1364 mundanamm
832 1321 923 1362 rernm
973 1318 1138 1381 acceptores,
1154 1308 1281 1376 falcones,
1296 1323 1344 1366 seu
1358 1307 1512 1380 sparvarios
1533 1307 1635 1364 habere
1652 1319 1769 1377 praesu-

134 1403 296 1460 omnimodis
318 1400 477 1466 devideant;
506 1399 572 1469 quia
592 1399 706 1455 avaritia
729 1397 772 1453 vel
796 1397 924 1468 concupi·
972 1408 1066 1467 maut;
1086 1400 1134 1456 sed
1152 1398 1269 1469 pleniter
1291 1414 1322 1456 se
1342 1400 1528 1470 unusquisque
1551 1397 1579 1453 iu
1599 1397 1695 1453 ordine
1715 1409 1770 1452 suo

133 1491 238 1549 scentia
256 1490 337 1547 huius
359 1489 454 1546 mundi
471 1489 598 1545 omnibns
617 1496 660 1545 est
680 1487 829 1544 devetanda
852 1487 925 1544 chri·
974 1492 1104 1548 canonice
1116 1491 1158 1546 vel
1170 1490 1331 1562 regulariter
1342 1491 1506 1547 custodiant.
1520 1487 1572 1557 Qui
1584 1496 1674 1544 autem
1687 1501 1769 1559 prae-

134 1584 225 1649 stianl,
248 1582 365 1637 maxime
378 1589 468 1642 mosen
482 1580 511 1635 in
523 1580 567 1636 his
587 1578 633 1648 qui
646 1578 748 1636 mundo
759 1586 787 1634 et
798 1576 925 1649 concupi·
974 1581 1111 1647 sumserit,
1124 1580 1193 1636 sciat
1207 1583 1390 1651 unusquisque
1403 1580 1534 1635 honorem
1547 1592 1625 1634 suum
1638 1575 1768 1646 perdere.

134 1675 246 1732 scentiis
261 1672 467 1729 abrenuntiasse
479 1670 594 1727 videtur.
614 1671 688 1726 Lites
699 1676 727 1726 et
737 1670 925 1727 contentiones
975 1669 1081 1725 Caeteri
1095 1685 1160 1726 vero
1175 1670 1229 1727 tale
1240 1671 1337 1727 exinde
1347 1671 1473 1727 mmhum
1485 1668 1613 1739 patiatur,
1626 1674 1658 1723 ut
1668 1664 1766 1738 reliqu·

134 1777 304 1835 nequaquam
318 1775 406 1831 neque
418 1760 489 1817 inira
509 1775 596 1830 neque
608 1759 675 1818 loris
689 1760 853 1819 monasterio
866 1776 925 1818 ιιιο-
939 1751 963 1814 B
975 1769 1078 1818 metum
1087 1763 1108 1794 ¹¹
1117 1761 1233 1818 habeant
1242 1762 1307 1817 talia
1316 1760 1370 1817 sibi
1378 1774 1519 1831 usurpare.

134 1869 198 1910 vere
216 1858 380 1920 praesumat.
414 1849 465 1918 Qui
484 1859 573 1907 autem
595 1851 800 1921 praesumserit,
819 1852 924 1924 gravis·
1010 1851 1056 1907 20.
1076 1850 1113 1907 Ut
1130 1851 1285 1908 abbatissae
1296 1865 1350 1906 una
1363 1864 1425 1905 cum
1444 1846 1696 1905 sanctimonialibus
1709 1846 1771 1903 nris

85 1988 89 1994 .
133 1944 202 1999 sima
215 1940 355 2012 disciplina
369 1941 486 2013 regulari
508 1941 698 2012 corripiantur,
711 1950 739 1998 ιι
760 1943 851 1998 taliter
864 1957 926 1999 cao-
975 1957 1005 1999 se
1021 1942 1196 1998 unianimiter
1211 1942 1232 1975 ¹¹
1246 1950 1293 1998 aut
1307 1937 1528 2012 diligenterinlra
1541 1938 1660 1994 claustra
1673 1952 1703 1995 se
1720 1953 1771 1995 en·

134 2033 185 2088 teri
206 2039 307 2088 metum
328 2031 446 2086 habeant
466 2030 531 2086 talia
550 2033 739 2102 perpetranda.
760 2032 925 2089 Ebrietatem
975 2033 1104 2101 stodiant,
1117 2039 1146 2088 et
1156 2031 1309 2088 nullatenus
1321 2030 1388 2087 loris
1399 2028 1518 2085 daustra
1529 2028 1570 2085 ire
1579 2033 1769 2100 praesumant.

132 2132 160 2180 et
175 2123 428 2179 commessationem
448 2123 560 2178 omnino
572 2122 687 2195 fugiant,
700 2124 765 2193 quia
782 2123 844 2180 inde
860 2123 926 2181 libi·
976 2122 1189 2190 Sedabbatissae
1201 2137 1312 2195 cumpro
1322 2120 1463 2194 posuerint
1473 2119 1496 2152 ¹¹
1508 2119 1613 2189 aliquas
1622 2117 1656 2174 de
1666 2116 1772 2173 sancti-

133 2218 196 2272 dine
206 2215 323 2270 maxime
339 2214 454 2284 polluari
469 2214 596 2271 omnibus
609 2221 702 2271 notum
715 2223 766 2270 est.
782 2214 850 2269 Nam
865 2228 926 2285 per·
975 2213 1137 2269 monialibus
1155 2213 1280 2284 dirigere,
1303 2212 1356 2268 hoc
1376 2223 1546 2280 nequaquam
1568 2209 1672 2278 absque
1684 2207 1770 2263 licen

133 2306 207 2361 verrit
222 2304 256 2359 ad
268 2318 347 2360 aures
366 2311 473 2360 nostras
492 2305 602 2376 oppinio
616 2305 856 2376 perniciosissima,
870 2304 927 2362 lor·
975 2305 1042 2360 tiam
1055 2310 1084 2359 ιι
1099 2303 1241 2360 consibum
1253 2303 1373 2374 episcopi
1396 2302 1439 2358 sui
1459 2300 1569 2356 iaciant.
1592 2299 1728 2356 Similiter
1739 2306 1771 2354 et

134 2395 284 2451 tricationes
298 2395 618 2453 etinhabhominatione
636 2404 664 2453 et
676 2397 837 2452 inmunditia
856 2395 926 2452 mul·
975 2410 1038 2450 cum
1059 2393 1256 2451 ordinationem
1278 2393 1368 2463 aliqua
1386 2392 1415 2447 in
1435 2389 1608 2447 monasteriis
1628 2404 1710 2462 agere
1723 2388 1772 2447 de

134 2492 176 2540 tas
196 2484 250 2539 iam
269 2483 297 2538 in
318 2484 489 2540 monasteriis
505 2499 566 2540 esse
589 2484 780 2556 deprehensos.
811 2485 927 2542 llaxime
975 2489 1067 2554 beant,
1080 2486 1123 2542 vel
1136 2486 1241 2557 aliquas
1255 2486 1284 2541 in
1297 2484 1471 2542 monasteriis
1485 2484 1653 2554 receptiones
1666 2480 1772 2548 lacere,

133 2569 301 2633 contristat⁸
319 2584 347 2631 et
370 2576 524 2642 conturbat,
539 2575 613 2647 quod
626 2576 694 2647 ¹sine
712 2589 807 2632 errore
827 2590 926 2648 magno
975 2584 1004 2632 et
1015 2576 1067 2631 hoc
1082 2591 1144 2632 cum
1157 2576 1291 2646 episcopis
1305 2575 1362 2631 suis
1378 2574 1494 2646 pleniter
1507 2582 1588 2631 antea
1601 2579 1771 2640 retractent;

133 2665 187 2721 dici
203 2671 303 2736 potest,
323 2671 352 2720 ut
371 2665 464 2721 undc¹
478 2666 597 2722 maxima
614 2680 663 2736 spe
686 2666 784 2721 salutis
799 2666 926 2723 omuibus
975 2666 1088 2736 etquod
1102 2666 1237 2723 salubrius
1251 2666 1293 2722 vel
1314 2665 1407 2722 utilius
1427 2665 1487 2721 deri
1498 2666 1634 2736 disponat,
1648 2664 1772 2738 episcopi

23 2783 37 2803 ι
134 2753 290 2811 christianis
302 2752 384 2811 orriri
406 2753 559 2822 crederent,
574 2754 602 2811 id
615 2762 665 2820 est,
681 2756 715 2811 de
728 2756 783 2811 vita
805 2763 833 2811 et
845 2756 926 2813 casti·
975 2756 1178 2829 archiepiscopo
1192 2758 1364 2823 annuntient,
1379 2765 1483 2812 etcum
1496 2755 1685 2813 eiusconsilio
1699 2768 1773 2827 quas

135 2851 190 2900 tate
204 2845 408 2911 monachorum,
424 2843 487 2901 inde
497 2843 690 2901 detrimentum
702 2846 722 2912 ¹,
738 2854 769 2901 ut
782 2846 880 2916 aliquis
892 2860 927 2902 ex
976 2845 1081 2921 agenda
1100 2858 1163 2905 sunt
1175 2848 1361 2919 perficiantur.

134 2934 283 2990 monachus
304 2933 453 2991 sodomitas
471 2949 532 2991 esse
545 2936 677 2991 auditum.
690 2935 767 2993 Unde
786 2937 869 2993 etiam
882 2952 927 2994 ro-
1010 2936 1056 2991 at.
1077 2937 1113 2994 lit
1134 2938 1300 3010 presbiteros
1327 2954 1361 2995 ac
1384 2945 1507 2995 caeteros
1535 2939 1680 2998 canonicos
1702 2954 1774 3012 quos

133 3033 267 3097 gamuset
285 3032 485 3095 contextamur,
499 3032 530 3082 ut
541 3026 694 3083 certissime
710 3026 826 3098 amplius
837 3029 925 3086 exhis
976 3029 1090 3085 comites
1112 3030 1169 3085 suis
1184 3029 1205 3061 ¹¹
1216 3029 1245 3085 in
1256 3030 1414 3086 ministeriis
1432 3030 1455 3062 ¹¹
1465 3029 1576 3098 habent,
1591 3031 1703 3087 omnino
1724 3046 1775 3089 eos

133 3116 229 3171 diebus
245 3116 337 3173 omnia
358 3116 482 3172 custodia
504 3131 535 3172 se
551 3123 580 3172 ιι
602 3116 645 3173 his
666 3117 746 3173 malis
763 3091 962 3175 conservarec
976 3119 1113 3188 episcopis
1125 3120 1182 3175 suis
1199 3120 1336 3178 subiectos
1355 3120 1511 3187 exhibeant,
1526 3129 1556 3175 ut
1577 3122 1708 3177 canoniea
1731 3122 1775 3179 io·

134 3207 269 3273 studeant,
283 3213 314 3261 ut
326 3206 476 3275 numquam
488 3206 605 3278 amplius
617 3206 671 3263 tale
683 3207 694 3240 ¹
707 3208 772 3279 quid
785 3223 866 3264 aures
878 3223 928 3265 no·
977 3211 1082 3266 stitutio
1094 3210 1182 3277 iubct;
1197 3208 1231 3264 de
1243 3209 1287 3265 his
1301 3209 1434 3280 episcopis
1448 3209 1505 3265 suis
1516 3209 1632 3265 pleniter
1645 3211 1698 3266 sub
1708 3225 1774 3268 san-

135 3310 207 3356 stras
224 3299 375 3370 perveniat.
401 3298 436 3353 m
457 3299 509 3355 hoc
529 3300 656 3357 omnibus
679 3310 774 3358 notum
794 3302 840 3369 sit,
863 3301 927 3372 quia
977 3308 1021 3357 ota
1032 3301 1175 3371 disciplina
1202 3301 1371 3358 eoserudire
1383 3308 1447 3356 sunt
1465 3309 1677 3368 eonsentientes,
1699 3302 1775 3358 sicut

134 3391 288 3446 nullatenus
302 3390 330 3444 in
344 3391 397 3446 ista
409 3390 479 3445 mala
498 3391 526 3446 in
540 3392 615 3449 nullo
626 3392 688 3449 loco
699 3392 816 3463 amplius
827 3392 856 3448 in
870 3400 928 3449 toto
976 3400 1069 3449 nostra
1080 3393 1167 3463 gratia
1178 3405 1220 3448 vei
1231 3406 1294 3448 suos
1306 3392 1424 3450 honores
1435 3393 1536 3449 babere
1548 3394 1716 3449 desiderant.

135 3495 219 3552 regno
239 3487 335 3536 nostro
358 3480 511 3535 consentire
530 3480 688 3547 audeamus,
712 3489 815 3550 quanto
838 3481 928 3536 minus
1012 3483 1057 3539 Ὦ.
1077 3483 1206 3540 canonici
1229 3493 1320 3541 autem
1336 3484 1454 3556 pleniter
1468 3486 1551 3540 vitam
1567 3485 1714 3542 obserbent
1728 3499 1777 3541 ca·

135 3569 182 3641 qui
197 3569 268 3624 inter
279 3582 327 3625 eos
338 3566 385 3637 (pti
398 3567 534 3623 castitatis
551 3576 579 3624 et
592 3569 788 3625 sanctimoniae
800 3572 929 3627 emenda·
977 3574 1114 3640 noniosm,
1131 3581 1160 3628 et
1170 3573 1252 3630 domo
1269 3574 1416 3645 episcopali
1427 3575 1471 3632 vel
1490 3576 1573 3632 ιιίιιιι
1593 3575 1776 3645 mmmteria,

135 3660 220 3716 tiores
229 3672 291 3713 osse
301 3657 434 3728 commu.
443 3655 524 3713 Certe
535 3658 596 3714 si¹'
607 3659 723 3729 amplius
734 3667 801 3729 quot
814 3659 881 3716 tales
893 3661 928 3716 ad
978 3678 1040 3719 cum
1052 3664 1126 3720 omni
1135 3664 1311 3735 diligentiam,
1325 3666 1473 3722 secundum
1485 3666 1616 3723 canonica
1628 3666 1775 3743 disciplina

135 3763 217 3806 aures
239 3756 348 3805 ttostras
368 3748 532 3819 pervenerit,
557 3766 612 3807 non
636 3751 724 3806 solum
747 3750 776 3806 in
799 3765 856 3818 eos,
880 3750 928 3808 sed
977 3753 1146 3809 erudiantur.
1161 3753 1336 3826 Nequaquam
1348 3756 1415 3813 loris
1433 3757 1525 3828 vagari
1539 3758 1661 3815 sinantur
1677 3757 1711 3824 ¹¹,
1727 3758 1776 3817 sod

135 3842 218 3900 ιιιιιιι
239 3848 268 3897 ιι
290 3841 319 3896 in
335 3841 444 3907 ceteris,
463 3856 534 3911 quur
557 3841 621 3897 talia
643 3842 825 3908 consentiant,
847 3841 929 3898 ulem
978 3845 1029 3901 suh
1046 3845 1122 3903 omni
1142 3847 1264 3904 custodio
1285 3849 1388 3918 vibant,
1409 3866 1464 3906 non
1480 3851 1568 3921 turpis
1585 3850 1653 3908 lucri
1674 3852 1775 3923 dediti,

136 3932 267 3988 ultionem
285 3930 409 3999 iacimus,
423 3939 454 3987 ut
472 3932 562 3988 nullus
574 3932 739 3990 christianus
757 3933 804 4004 qui
816 3934 868 3990 hoc
879 3949 929 3990 au·
977 3955 1032 3996 non
1046 3937 1194 4007 iomicarii,
1221 3956 1276 3998 non
1289 3939 1373 4008 iures,
1397 3958 1452 3999 non
1472 3943 1630 4010 homicides,
1656 3959 1713 4000 non
1729 3960 1776 4002 ra-

136 4026 235 4093 dierit,
258 4025 411 4082 nullatenus
435 4025 488 4082 tale
509 4025 521 4058 ¹
544 4025 609 4095 quid
633 4033 789 4097 perpetrare
813 4027 929 4097 amplius
977 4043 1085 4103 ptores,
1101 4049 1155 4089 non
1176 4033 1298 4105 litigiosi,
1318 4050 1373 4090 non
1393 4035 1531 4102 iracundi,
1551 4049 1605 4090 non
1623 4036 1701 4102 elati,
1718 4051 1775 4092 non

136 4116 347 4189 praesumpserit
359 4114 381 4170 ¹.
978 4123 1088 4190 ebriosi,
1107 4123 1154 4178 sed
1174 4125 1243 4180 casti
1259 4127 1339 4182 corde
1357 4132 1385 4181 et
1396 4140 1519 4195 corpore,
1537 4127 1662 4194 humiles,
1680 4127 1776 4184 mode·

172 4206 215 4261 l8.
236 4205 394 4261 llonasteria
410 4205 561 4277 puellarum
573 4207 688 4264 llrmiter
705 4208 848 4265 observata
861 4208 927 4276 siut,
978 4214 1024 4279 sti,
1036 4215 1131 4282 sobrii,
1143 4217 1287 4285 mansueti,
1301 4217 1416 4288 pacillci,
1441 4227 1472 4274 ut
1493 4217 1541 4274 lllii
1555 4219 1602 4273 bei
1624 4220 1699 4290 digni
1717 4221 1775 4277 sint

136 4304 165 4352 et
180 4311 347 4367 nequaquam
367 4312 466 4369 vagare
478 4299 610 4367 sinantur,
625 4303 672 4359 sed
684 4318 746 4359 cum
771 4304 845 4358 omni
866 4304 928 4359 dili-
978 4307 1013 4363 ad
1024 4320 1101 4361 sacro
1115 4307 1209 4363 ordine
1220 4323 1390 4378 promovere.
1405 4310 1464 4366 Non
1476 4324 1524 4381 per
1537 4311 1611 4366 vims
1624 4326 1713 4381 noque
1723 4327 1776 4383 per

137 4386 227 4456 gentia
238 4395 440 4455 conserventur,
461 4403 548 4459 neque
568 4392 733 4466 litigationes
747 4392 789 4447 vel
812 4401 926 4451 conten-
939 4435 966 4498 υ
979 4399 1057 4454 villas
1069 4400 1103 4455 ad
1116 4400 1261 4457 ecclesiam
1274 4402 1356 4458 vieini
1368 4403 1389 4434 ¹¹
1399 4403 1442 4459 vel
1456 4404 1631 4460 terminantes
1642 4405 1704 4462 sine
1716 4420 1775 4461 ιιι-

139 4478 212 4533 done
236 4477 307 4534 inter
329 4494 359 4535 se
379 4496 488 4538 movere
505 4493 674 4554 praesumat,
701 4501 789 4556 neque
807 4488 835 4541 in
851 4486 927 4545 nullo
978 4488 1090 4558 gislerio
1108 4489 1150 4545 vel
1165 4490 1315 4561 disciplina,
1331 4492 1378 4561 qui
1393 4493 1521 4548 sarabaiti
1541 4493 1679 4559 dicuntur,
1696 4494 1774 4550 luxo-

138 4565 276 4634 magistris
287 4575 316 4623 ιι
327 4568 471 4627 abbatissis
493 4572 697 4630 inhobedientes
710 4575 753 4631 vel
773 4577 928 4634 contrariae
978 4579 1128 4636 riandovol
1140 4579 1308 4649 lomicando,
1321 4583 1364 4638 vel
1380 4583 1461 4638 etiam
1480 4591 1586 4640 caetera
1604 4583 1774 4657 iniquaope·

138 4656 196 4711 lieri
217 4658 343 4714 audeant.
369 4657 419 4717 libi
439 4670 529 4719 autem
550 4665 689 4735 regulares
712 4675 794 4735 sont,
815 4669 927 4726 omnino
978 4674 1063 4728 ravido
1075 4684 1144 4742 quae
1155 4672 1302 4728 consentiri
1316 4673 1461 4729 absordum
1472 4681 1523 4729 ost.
1731 4738 1738 4745 ,

138 4747 284 4803 ιιιιιιιιιιιιιι
298 4748 389 4818 regula
402 4750 557 4820 observent,
571 4768 605 4809 ne
616 4754 795 4813 lomieatione
807 4757 925 4826 deditae,
1012 4763 1057 4819 23.
1078 4762 1224 4820 Presbiteri
1242 4763 1330 4820 cleros
1346 4780 1416 4835 quos
1433 4780 1526 4822 secum
1538 4765 1639 4822 babent
1657 4766 1776 4824 sollicite

138 4854 190 4892 non
205 4839 355 4908 ebrietatis,
369 4858 423 4897 non
440 4844 581 4916 cupiditati
600 4849 759 4915 servientes,
776 4849 823 4906 sed
838 4851 929 4908 omni·
977 4853 1160 4923 praevideant,
1174 4861 1205 4909 ut
1220 4855 1347 4911 mnoeioe
1357 4855 1459 4923 vivant,
1475 4871 1529 4911 oon
1552 4855 1642 4911 inanis
1655 4856 1773 4924 lusibus,

138 4926 224 4982 modis
245 4927 316 4985 iuste
334 4939 362 4985 et
380 4931 470 4988 sobrie
490 4935 591 4991 vivant.
614 4936 649 4992 Ει
661 4946 692 4993 ιιι
710 4939 739 4995 in
752 4938 871 4996 claustra
882 4941 926 4998 vel
977 4943 1020 4998 vel
1039 4943 1169 4998 conviviis
1183 4943 1361 5012 secularibus,
1379 4944 1422 5000 ιιι
1440 4945 1554 5001 cauneis
1564 4943 1608 5000 vel
1626 4945 1774 5004 luxoriosis

138 5018 330 5073 monasterium
350 5034 444 5076 earum
455 5022 498 5078 vir
509 5023 598 5080 nullus
620 5026 712 5093 intret,
726 5028 779 5085 uisi
792 5030 927 5099 presbiter
977 5048 1058 5089 usum
1070 5033 1203 5097 habeant:
1218 5035 1266 5090 sed
1281 5045 1355 5093 caste
1367 5043 1396 5092 et
1409 5036 1517 5093 salubre
1528 5037 1631 5095 vivant.

138 5118 246 5178 propter
275 5111 458 5169 visitationem
487 5115 654 5174 indrmarum
685 5136 747 5177 cum
771 5123 928 5182 testimonio
1012 5126 1057 5182 il.
1077 5126 1108 5183 st
1128 5126 1190 5198 guis
1204 5136 1294 5184 autem
1312 5129 1446 5200 presbiter
1463 5128 1521 5185 sive
1542 5129 1564 5162 ¹¹
1578 5129 1708 5189 diaconos
1726 5132 1774 5204 qul

139 5199 231 5265 intret,
243 5203 285 5258 vel
305 5205 462 5262 admissam
480 5214 597 5276 tantum,
618 5217 647 5266 ιι
670 5213 763 5268 statim
784 5223 872 5271 exeat.
892 5216 927 5272 lit
977 5223 1040 5290 post
1058 5216 1111 5274 hoc
1130 5217 1158 5274 in
1170 5217 1251 5276 domo
1271 5233 1320 5275 sua
1334 5233 1427 5276 socom
1447 5218 1585 5287 mulieres,
1601 5230 1680 5277 extra
1692 5238 1773 5280 canc

68 5318 71 5323 ·
139 5294 169 5343 ιιι
188 5304 267 5350 nemo
288 5293 403 5354 alterius
425 5297 509 5354 liliam
534 5314 612 5356 suam
636 5301 663 5360 in
689 5305 926 5376 congregationem
978 5311 1067 5368 nicam
1081 5309 1227 5376 licentiam,
1245 5309 1346 5369 habere
1360 5311 1564 5384 praesumserit,
1579 5313 1711 5371 honorem
1734 5315 1773 5372 sl·

749 5434 942 5495 limantes
959 5439 1160 5499 anemonas

182 5553 284 5612 ¹doees
300 5572 325 5612 r.
363 5559 473 5618 ¹olium
489 5579 514 5619 c.
553 5563 723 5625 ¹antrilatc.
761 5570 849 5628 ¹inde
867 5587 890 5628 c.
928 5571 1106 5629 ¹trimentum
1124 5589 1148 5629 c.
1185 5575 1263 5633 ¹tela
1280 5592 1304 5630 c.
1351 5576 1503 5634 'Certesc
1536 5577 1652 5636 ¹telcc.
1700 5582 1776 5641 ἰιι-

142 5624 268 5708 inserite.
305 5626 328 5659 ¹¹
342 5628 487 5714 demaine.
526 5631 701 5695 ¹¹metunth.
716 5655 740 5696 c.
774 5640 1037 5703 ¹¹,uanianimiterc
1086 5644 1107 5676 ¹¹
1121 5657 1204 5714 propr
1216 5664 1240 5702 c.
1287 5646 1310 5679 ¹¹
1323 5662 1372 5704 seu
1385 5664 1409 5704 c.
1448 5648 1472 5680 ¹⁸
1485 5649 1652 5707 misteriisc.
1690 5652 1713 5685 ¹¹
1725 5662 1774 5703 va·

133 5703 295 5757 rnsmantur
308 5713 333 5752 e.
369 5698 390 5730 ¹¹
403 5715 457 5755 ιιιιι
470 5722 495 5756 s.
531 5703 554 5736 ¹¹
566 5706 624 5763 sine
634 5725 658 5763 e.
