3824 6112
139 262 191 324 dii
529 262 561 316 Β.
581 259 708 318 alumi
725 258 833 318 illem
851 260 927 318 ΟΡΡ.
947 258 1046 315 PARS.
1064 257 1085 313 l.
1111 256 1231 315 suerio
1248 256 1366 316 ΡΒΝΔ.

139 376 200 432 licii
211 375 306 447 parsit.
322 371 505 431 cancellarius
523 381 615 426 tamen
633 379 727 428 noster
742 371 852 427 nomina
869 371 925 440 epi-
938 374 963 433 Α
977 367 1079 424 scilicet
1091 369 1124 423 ad
1136 369 1188 423 boc
1203 382 1264 423 esse
1274 382 1331 424 sea
1345 367 1424 424 nobis
1442 367 1541 425 missos
1552 368 1634 427 cnuth*

137 478 279 535 stuporum
290 470 317 519 et
329 462 456 519 comitum
468 460 557 530 quiea
572 462 694 530 accipere
705 461 865 525 curaverint,
879 477 928 516 no·
978 463 1001 519 ri
1021 462 1133 532 quilibet
1147 462 1289 532 episcopus
1308 470 1356 517 aut
1380 477 1472 518 eomes
1492 461 1634 519 ministerh

138 566 187 622 tot,
202 565 231 612 et
244 569 276 611 ea
288 554 321 610 ad
333 560 452 609 mistrnm
464 553 586 608 notitiam
596 552 763 624 perimunt
777 554 928 610 nullushoc
977 570 1026 625 per
1038 554 1174 625 quodlibet
1188 554 1408 623 impedimentum
1427 553 1539 623 impiere
1556 568 1612 609 ocii
1621 566 1634 625 ι

138 646 351 719 praetermittere
361 652 525 714 praesumat.
542 644 620 700 iussi
636 645 644 676 ¹
658 658 766 714 quoque
778 643 865 699 nostri
879 658 929 698 no-
978 662 1025 703 eos
1041 654 1171 710 recurrat,
1194 653 1223 701 et
1244 661 1307 700 cuni
1323 661 1418 701 eorum
1441 646 1576 701 adiutorio
1593 644 1634 701 nl

139 738 180 791 liis
201 733 496 790 lamnlaatesvalumus
516 741 547 788 ut
565 733 725 805 condignum
743 734 814 804 apud
832 747 929 788 omnes
978 751 1055 792 sunm
1075 734 1235 805 adimpleam
1254 741 1283 789 et
1303 734 1327 790 si
1345 734 1408 788 talis
1430 749 1512 789 causa
1531 733 1616 789 luerit

138 827 255 880 habeant
272 825 413 890 bonorem,
427 824 524 879 sicuta
540 825 764 895 genitorenoatre
776 832 805 880 et
820 840 835 879 a
848 824 927 880 nobis
977 840 1070 882 earum
1086 824 1295 880 admonitionem
1316 823 1455 879 emendari
1474 838 1527 878 non
1540 822 1634 893 porrlt,

137 930 216 985 siepc
233 915 399 970 admonitum
410 922 462 969 est.
978 916 1012 970 ad
1028 922 1147 970 nostram
1161 914 1284 969 notitiam
1297 912 1442 969 deleratur.
1459 913 1493 968 Et
1509 915 1534 968 si
1549 912 1634 971 lorlei

303 1001 521 1059 canicularis
540 999 755 1058 hisschbata
978 1014 1025 1060 aut
1036 1021 1127 1061 comes
1137 1006 1238 1076 aliquid
1249 1004 1428 1076 negligentius
1443 1005 1470 1059 iii
1484 1020 1534 1061 suo
1548 1004 1634 1063 iniria

170 1095 197 1150 l.
208 1093 239 1150 ln
254 1094 400 1160 Vesontio,
415 1101 538 1163 quaeest
551 1092 820 1149 dioecesisllernuini
836 1091 924 1149 archi·
978 1100 1024 1162 rit,
1034 1113 1083 1168 per
1097 1099 1210 1154 istorum
1227 1097 1438 1154 admonitionem
1455 1099 1616 1169 corrigatur.
1632 1146 1634 1151 .

134 1188 263 1259 episcopi,
275 1186 415 1241 lleiminus
427 1185 441 1225 ¹³
453 1185 594 1255 episcopus
605 1193 633 1240 et
643 1185 815 1256 ilonagoldus
826 1200 927 1241 eomes.
978 1189 1093 1259 populus
1102 1189 1182 1253 sciat,
1195 1189 1229 1244 ad
1239 1189 1292 1243 boc
1302 1202 1349 1244 eos
1360 1202 1421 1243 esse
1431 1187 1602 1251 constitutor.
1611 1200 1634 1243 ι

135 1279 162 1333 Ιιι
179 1277 324 1347 ldogontia,
333 1284 452 1345 quaeest
460 1274 576 1330 diocesis
584 1275 706 1331 lleistulll
718 1275 929 1352 archiepiscopi,
979 1295 1031 1349 que
1042 1293 1092 1348 per
1103 1278 1300 1349 neglegentiam
1311 1285 1358 1332 aut
1372 1277 1503 1333 incuriam
1516 1277 1558 1333 vel
1570 1277 1634 1349 iamt

137 1370 206 1422 iilem
218 1366 367 1424 heistulfus
387 1367 528 1437 episcopus
549 1374 577 1420 et
597 1366 769 1423 llnodbertus
782 1382 883 1423 comes.
900 1367 930 1422 lii
980 1377 1033 1426 tem
1047 1371 1161 1435 comitis,
1180 1369 1310 1425 iustitiam
1324 1384 1400 1424 snam
1418 1369 1562 1438 adquirere
1573 1384 1629 1425 aaa

135 1455 930 1526 Treverisedciiiarchiepiscopuseiadaibermsoomus.ln
980 1460 1014 1516 ad
1026 1475 1074 1516 eos
1086 1460 1202 1528 primum
1215 1458 1352 1528 querelam
1369 1474 1445 1513 suam
1455 1458 1541 1528 possit
1553 1456 1634 1517 delui

136 1549 247 1604 Colonia
263 1548 434 1603 liadaboldus
445 1549 662 1618 archiepiscopus
677 1557 705 1602 et
720 1548 931 1604 Ecmuiidusco·
980 1566 1074 1607 eorum
1084 1550 1213 1605 auxilium
1235 1549 1364 1604 iustitiam
1383 1549 1540 1618 adquirere3
1554 1555 1584 1605 et
1600 1562 1634 1620 φ

137 1636 930 1707 ιιιει.1ιιΒειιιὶιΕιιοιιειιῑεριιεοριιειῐᾳιιειιᾶοροιιιειὶι,ει
982 1643 1043 1711 quia
1059 1644 1093 1697 ad
1106 1640 1336 1699 nosueeessitatia
1354 1655 1435 1695 causa
1457 1640 1634 1697 reclamanem

137 1725 246 1794 quaudo
260 1725 288 1780 el
301 1741 354 1780 non
376 1724 493 1790 licuerit,
504 1725 661 1782 liuotbadus
681 1729 845 1797 ·episcopus
867 1728 928 1783 eiua
943 1711 966 1772 Β
979 1732 1115 1803 posuimus
1128 1731 1276 1786 relatorum
1289 1729 1413 1800 querelas
1430 1730 1465 1786 ad
1479 1730 1634 1789 munienda

138 1817 198 1871 rice
214 1824 242 1871 et
263 1815 436 1871 llrnotiridus
449 1831 540 1871 comes
553 1815 633 1881 sint,
645 1832 726 1886 super
741 1832 788 1873 sex
802 1816 928 1873 videlicet
979 1831 1048 1877 tere.
1067 1821 1119 1890 ipsi
1140 1836 1205 1876 iero
1221 1821 1297 1875 missi
1312 1835 1366 1874 non
1388 1820 1446 1875 sine
1464 1820 1617 1877 certissima

137 1909 291 1973 comitatus,
308 1907 335 1963 id
344 1907 495 1972 estliemis,
505 1906 654 1972 catolonis,
663 1908 825 1972 Suessionis,
839 1909 929 1964 Silia·
981 1917 1143 1972 necessitate
1153 1917 1208 1971 huc
1221 1915 1337 1984 illucque
1347 1914 1512 1980 discursuum
1525 1914 1577 1969 nisi
1586 1910 1634 1971 lori

140 2000 237 2065 nectis,
249 1999 387 2062 Beliaciis,
399 2007 428 2054 et
440 1997 611 2054 Lauilunum.
624 1999 712 2069 Super
729 2009 846 2071 quatuor
866 2015 931 2057 uero
980 2006 1035 2061 talc
1052 2005 1152 2074 aliquid
1170 2006 1197 2058 in
1219 2003 1361 2058 cuiuslibet
1383 2003 1532 2058 ministerio
1554 2003 1589 2059 ad
1608 1994 1634 2058 lr'

138 2091 310 2161 episcopatus
333 2090 379 2160 qui
398 2090 433 2146 ad
450 2091 563 2146 eandem
582 2091 710 2148 diocesim
733 2093 880 2163 pertinent,
904 2093 932 2148 id
982 2111 1058 2151 suam
1068 2094 1219 2166 pertinente
1228 2091 1634 2161 ortumesseeognoierincgu

135 2192 177 2237 ist
198 2181 447 2248 Noviomaeensem,
469 2181 695 2246 Ambianensem,
718 2182 933 2249 humanenscm,
981 2187 1133 2257 praesentia
1145 2185 1272 2255 indigeat,
1288 2192 1316 2239 et
1333 2183 1391 2237 sinc
1403 2196 1496 2237 eorum
1510 2180 1627 2239 masilia

135 2281 164 2327 ct
178 2271 411 2334 camaracensem,
436 2269 612 2340 lllagnarius
632 2271 775 2341 episcopus
786 2279 813 2326 et
828 2271 929 2326 lieren-
980 2277 1050 2333 coi-io
1063 2275 1200 2332 emendari
1211 2290 1264 2329 non
1282 2273 1378 2344 possit.
1399 2272 1463 2327 inde
1484 2279 1573 2326 tamea
1593 2271 1634 2329 dei

137 2362 230 2432 gorius
261 2375 362 2415 comes.
392 2358 513 2415 Senones
533 2359 684 2416 lliercmias
710 2361 929 2431 archiepiscopus
979 2365 1096 2430 solliciti,
1111 2372 1142 2418 ut
1151 2372 1261 2433 propter
1273 2362 1378 2417 illorum
1397 2359 1634 2432 neglegentiam!

136 2463 163 2508 ει
175 2455 190 2493 ⁵
200 2453 319 2507 Donatus
339 2466 440 2507 coines.
453 2451 649 2520 llotliomagum
670 2452 865 2508 hwilhberim
883 2468 929 2507 ar·
978 2460 1111 2531 lagitione
1126 2459 1305 2513 incorrectum
1322 2463 1476 2520 remaneam
1497 2454 1544 2508 scd
1560 2452 1634 2509 ubit

137 2544 341 2614 ibiepiscopus,
364 2552 392 2598 et
412 2542 571 2612 lagobertus
590 2558 691 2599 comes.
713 2543 835 2599 Turones
858 2543 927 2598 Lan-
977 2567 1068 2607 cerain
1079 2548 1267 2605 necessitatem
1286 2545 1470 2616 cognoverint,
1488 2544 1634 2607 nostram]

138 2635 267 2687 ilramnus
298 2631 535 2701 archiepiscopus,
555 2640 583 2687 et
611 2633 798 2689 ilmodbcrmi
823 2648 924 2690 onmes.
979 2641 1125 2710 adimplere
1134 2654 1188 2694 non
1201 2637 1355 2708 neglegant.

136 2722 309 2792 lugdunum,
325 2722 494 2788 Tarantasia,
521 2717 549 2777 et
572 2721 674 2778 Vienna
688 2723 696 2763 ¹
710 2719 851 2779 Moericus
870 2724 927 2794 epi·
1013 2731 1040 2786 ll.
1056 2729 1183 2784 Volumus
1194 2727 1285 2790 etiam,
1305 2734 1335 2780 ut
1349 2726 1581 2781 omnibusnotum
1594 2724 1634 2791 rit

136 2826 244 2881 smnus.
256 2819 283 2865 θῑ
294 2810 448 2866 Rillhlldfld
465 2826 566 2866 comes.
978 2820 1030 2876 hoc
1039 2819 1177 2875 constituti
1190 2827 1268 2880 sunt,
1292 2826 1321 2871 ut
1343 2834 1374 2873 ea
1393 2832 1462 2887 quae
1479 2833 1528 2886 per
1545 2816 1634 2888 capilr

170 2903 771 2974 2.Commcmoratio,quidadpraedictomm
781 2907 924 2962 missorum
978 2909 1139 2981 generaliter
1159 2908 1191 2964 de
1206 2908 1419 2978 quibuscumque
1441 2907 1530 2962 causis
1547 2906 1634 2963 statui

136 2994 296 3065 legationem
306 2994 450 3064 pertineat.
463 2993 563 3057 Prinna,
574 3002 774 3051 utconieirtum
785 2997 812 3050 iii
824 2998 964 3063 duobusC
981 3000 1041 3055 illos
1051 3007 1114 3057 nota
1134 2998 1342 3061 dantomnibus,
1366 3005 1393 3051 ει
1415 2997 1441 3050 in
1464 3012 1558 3051 eorum
1581 3010 1634 3067 pro

136 3093 183 3140 aut
197 3085 282 3139 trihus
294 3083 360 3138 locis
374 3092 545 3154 congregent,
565 3084 610 3139 ubi
623 3100 718 3140 omnes
730 3087 767 3141 ad
776 3101 869 3141 eiirum
889 3087 927 3142 le-
979 3090 1136 3152 consistant,
1147 3097 1177 3144 ut
1192 3089 1226 3143 ab
1237 3087 1362 3143 omnibus
1373 3086 1580 3155 adimpleantur.
1594 3084 1631 3141 lii

135 3180 268 3243 gationcm
280 3179 446 3248 pertinentes
457 3179 600 3234 coni-enine
618 3180 738 3248 possint3
755 3187 783 3236 et
800 3181 926 3236 omnibus
978 3184 1067 3252 aliquo
1081 3182 1126 3237 tali
1140 3181 1338 3250 impedimento,
1356 3182 1426 3250 quod
1437 3195 1486 3249 per
1499 3194 1546 3234 eos
1558 3192 1634 3235 emera

133 3269 295 3341 generaliter
309 3275 400 3324 nomm
421 3266 537 3330 iaciant,
556 3270 643 3338 qualis
656 3270 691 3324 sit
703 3285 796 3326 eorum
815 3272 922 3340 legatio,
976 3272 1070 3341 possit,
1090 3270 1189 3341 aliquid
1203 3269 1236 3326 de
1248 3269 1290 3325 his
1304 3284 1373 3339 quac
1387 3268 1577 3324 constituimus
1594 3280 1629 3325 ae

740 3360 935 3418 tumultuas
954 3359 1155 3418 merlonus.

170 3603 186 3631 ·
200 3589 304 3644 lhncer
318 3587 389 3640 hnse
408 3586 439 3640 ‘si
456 3586 503 3642 lib.
520 3603 555 3650 ιι,
571 3602 595 3642 e.
610 3588 702 3653 abac,
715 3589 864 3659 desumpti,
876 3592 922 3648 de-
974 3607 1025 3647 niis
1038 3590 1187 3646 hadericus
1199 3588 1344 3659 imperator
1359 3587 1467 3643 donavit
1482 3587 1567 3656 ipsam
1582 3584 1634 3641 rilli

135 3668 197 3714 siml
211 3659 237 3712 iii
248 3655 314 3713 Cod.
331 3601 570 3728 blanfenbmgim,
586 3667 613 3712 et
625 3659 713 3714 missis
723 3659 785 3714 data
798 3675 857 3715 esse
874 3677 921 3731 up
974 3661 1072 3744 lineum
1088 3661 1189 3742 Donato
1200 3660 1235 3739 in
1254 3659 1394 3713 bciicticin.
1413 3677 1421 3709 i
1442 3657 1476 3737 iit
1496 3655 1587 3738 inira:
1609 3673 1621 3709 ι

136 3736 408 3853 ιι
544 3867 550 3879 ,
647 3867 653 3879 ,
691 3868 696 3879 ,
973 3729 1626 3879 utitatissimum{tisinum

170 3864 380 3923 ”beliaclletti
394 3865 566 3922 Treverensis
579 3868 671 3923 archie
700 3867 772 3937 scopi
788 3868 921 3938 legatione
972 3884 1028 3924 sem
1047 3877 1076 3923 et
1090 3869 1179 3922 villam
1193 3867 1358 3921 lioviliaeum
1377 3883 1438 3921 cum
1458 3880 1545 3920 suisa

134 3939 197 4008 agit,
211 3945 241 3991 ut
254 3943 329 4005 puto,
342 3935 499 3991 Frotbarins
517 3938 657 4007 episcopus
671 3883 820 4003 intensis,
840 3939 918 4007 epist.
972 3945 1080 4018 perator
1097 3937 1131 3992 ab
1144 3951 1177 3992 eo
1193 3937 1314 3991 abstulit.
1334 3936 1429 3990 ildein
1449 3950 1519 3989 auno
1532 3933 1569 3990 δὴ
1599 3934 1634 3989 ni

135 4009 177 4063 ld.
193 4008 289 4061 liiiuz.
970 4022 998 4061 iii
1015 4006 1168 4076 Hispaniam
1182 4005 1419 4069 Tarraconensem,
1435 4018 1495 4073 qum
1509 4011 1574 4058 tunc
1586 4016 1634 4058 ma

169 4075 277 4132 dlubet
293 4075 443 4131 Ludoriciis
460 4081 491 4130 ut
512 4075 586 4130 libbo
608 4074 768 4131 llliemensis
787 4075 920 4145 archiepi-
971 4076 1080 4144 spanica
1095 4075 1242 4138 dicebatur,
1259 4075 1292 4129 ad
1310 4075 1509 4144 componendos
1525 4071 1634 4154 proritat

134 4160 230 4215 scopus
245 4145 403 4217 legationem
419 4146 498 4201 istam
516 4153 640 4201 exerceat
652 4144 678 4199 iii
695 4145 840 4200 lihemensi
857 4160 919 4214 pro-
971 4153 1068 4200 motns.
1084 4144 1265 4215 Eginhardus:
1287 4162 1299 4194 ι
1318 4145 1465 4212 imperator
1480 4140 1634 4197 helisachar

134 4214 919 4339 l“ili‘'¹“iii·dl'‘“itii‘d'liil-“liiiiiiiis
970 4210 1634 4337 dliibiibiiillstihilh‘m

133 4299 278 4435 ἱξιιιὲοὶῗθςιῗ
289 4300 480 4434 intelrpfflmr
491 4299 671 4436 aeffii‘i'irissi'e
692 4300 809 4408 liubanici
824 4300 918 4435 eldaa&
968 4300 1106 4435 posscnldos
1117 4352 1201 4406 misit.
1218 4371 1227 4402 i
1241 4348 1320 4432 linito
1340 4352 1401 4405 dein
1422 4296 1490 4411 833,
1512 4349 1539 4430 in
1555 4350 1634 4430 eamd

134 4422 613 4570 administrationi?
620 4422 918 4561 didimi
934 4418 1634 4570 ililiidbhtlhliihstabiliti:

134 4562 211 4616 sitici
222 4561 348 4629 implendi
364 4562 390 4616 iii
406 4575 463 4628 cius
477 4561 597 4615 absentia
614 4562 783 4616 commissam
794 4575 854 4615 esse
867 4560 921 4616 llo-
972 4559 1042 4614 relus
1065 4561 1192 4614 adversus
1216 4559 1379 4613 hemardum
1403 4559 1497 4612 ducem
1519 4556 1626 4612 illarum

128 4632 216 4686 thado
231 4631 366 4700 episeopo.
388 4631 445 4700 Ego
463 4645 527 4686 iero
546 4630 662 4685 arbitror
679 4630 824 4686 clausulam
846 4629 920 4683 illam
990 4630 1121 4698 ropositas
1132 4630 1263 4689 audirent,
1287 4629 1509 4697 quemadmodum
1530 4633 1634 4682 metatu

133 4702 290 4770 simpliciter
301 4701 418 4755 additam
434 4700 496 4769 qnia
507 4701 582 4754 Ebbo
599 4698 753 4769 frequenter
762 4707 821 4754 erat
834 4700 860 4753 in
872 4714 920 4767 pa-
970 4644 1038 4779 gilae
1050 4698 1177 4778 ludovici
1191 4697 1241 4778 Pii.
1258 4697 1383 4778 Eiusdem
1403 4697 1509 4778 bonati,
1522 4696 1634 4765 utopiui

134 4772 208 4835 litio,
224 4771 291 4824 adeo
312 4785 344 4824 ue
356 4769 532 4824 substituendi
548 4778 625 4823 erant
636 4769 681 4838 qui
699 4769 786 4824 locum
801 4769 919 4825 absentis
971 4775 1102 4823 tioexstat
1114 4782 1140 4820 in
1152 4766 1281 4836 Capitulis
1290 4766 1458 4821 CaroliCnli'i
1470 4773 1511 4819 tit.
1525 4780 1582 4830 iiii,

134 4841 285 4911 implerent.
325 4839 483 4902 lodoardus,
507 4839 552 4892 lib.
573 4855 608 4901 ιι,
627 4854 687 4907 cap.
707 4839 756 4893 lb:
778 4838 845 4893 Duru
865 4836 919 4892 lre-
1006 4835 1511 4907 l²ilotbomagensis.lnveteritlodicc
1526 4850 1579 4889 ms.
1610 4834 1616 4849 '

133 4919 247 4980 amenter
261 4909 341 4981 igitur
356 4907 432 4964 Ebbo
443 4908 540 4978 praesul
557 4907 585 4963 in
602 4909 702 4976 palatio
718 4916 782 4964 tunc
801 4923 920 4963 morare-
970 4906 1157 4976 imperatoriae,
1175 4921 1208 4961 eii
1223 4921 1276 4976 quo
1286 4906 1385 4975 prodiit
1395 4905 1484 4960 Codex
1496 4904 1634 4961 Caroliiiut

134 4993 187 5091 mre
200 4981 400 5106 'affiemioiensis
423 5047 451 5103 lo
969 4976 1205 5101 sgssedffifficri
1226 4975 1575 5100 ffiiffifflpiggcciffiissffi
1600 4988 1634 5029 m

171 5121 181 5160 l
202 5117 402 5181 Noviomensis,
425 5117 471 5188 qui
496 5114 610 5171 concilio
631 5115 776 5172 Purisiensi
799 5113 919 5170 interluit
969 5124 1012 5171 cet
1024 5133 1073 5172 nos
1090 5117 1126 5170 ita
1139 5114 1235 5171 Petrus
1249 5115 1408 5170 Lambecius
1425 5115 1453 5169 in
1465 5113 1534 5168 libro
1552 5127 1634 5171 sema

133 5205 203 5245 anno
219 5188 281 5245 829.
298 5187 339 5242 lld
351 5200 411 5242 eum
430 5193 517 5243 exstat
531 5184 641 5255 epistola
657 5184 785 5242 Amalarii
804 5186 831 5240 in
845 5191 919 5240 tomo
969 5187 1160 5242 mentariorum
1179 5186 1212 5240 ile
1228 5185 1391 5240 Bibliotheca
1403 5184 1541 5247 Caesarea,
1555 5198 1620 5255 pag.

133 5273 169 5317 iiii
191 5257 325 5326 Spicil··gii
353 5257 526 5319 dacheriani,
547 5269 607 5336 pag.
627 5254 687 5310 idi.
708 5255 776 5312 lhiic
797 5268 861 5324 ergo
888 5255 919 5309 il·
969 5271 1032 5312 mox
1044 5256 1117 5311 addit
1131 5255 1181 5310 sibi
1202 5255 1312 5310 dubium
1333 5270 1385 5309 nou
1406 5269 1466 5310 csse
1478 5254 1545 5335 quin
1558 5268 1609 5323 per
1627 5267 1634 5309 a

133 5328 239 5412 lustrari
265 5327 363 5397 poterit
387 5326 522 5396 catalogus
549 5339 735 5394 cpiscoporum
759 5324 919 5381 Nouiomem
968 5340 1076 5408 scopum
1091 5324 1279 5406 willibertum,
1292 5325 1420 5421 adipalem
1432 5322 1522 5379 Codex
1537 5322 1634 5406 istecll

132 5398 400 5525 s¹nimiiilii’o'dmimisis.
411 5462 576 5546 adrevaldus
591 5461 782 5527 floriacensis,
795 5465 841 5547 lib.
859 5482 867 5520 i
885 5465 917 5521 de
968 5394 1164 5546 Phldinaglgieilsrigl
1175 5393 1317 5546 ἕξιῗθιῗιιυιὲ
1325 5392 1634 5545 ΙιΙ11ιιιῖθἓιιξρῧιῐιειιιῖιεοιῳιιιεῧιὓ

133 5536 265 5594 iliraculis
275 5537 358 5593 sancti
370 5533 517 5598 Benedicti,
530 5547 588 5614 cap.
603 5532 652 5587 25:
672 5550 681 5583 ι
696 5532 816 5589 aderam
832 5551 858 5590 in
872 5549 917 5591 eo-
968 5545 1020 5590 tcm
1031 5534 1119 5591 Caroli
1137 5533 1225 5616 hlagm
1240 5550 1274 5590 cx
1285 5533 1445 5589 bibliotheca
1458 5547 1551 5614 ipsius.
1568 5530 1609 5589 ln.

132 5608 193 5661 dem
207 5607 303 5676 placito
313 5607 412 5662 missia
429 5602 512 5659 latere
527 5617 596 5673 regis
611 5600 693 5658 lonas
708 5604 848 5676 episcopus
862 5603 917 5660 du·
1006 5606 1014 5646 i
1033 5604 1218 5676 lingonensis.
1233 5603 1296 5674 Ejus
1307 5618 1366 5659 esse
1375 5603 1480 5658 ridetur
1489 5600 1634 5672 epistulat¹

133 5675 289 5730 relianensis
300 5683 328 5731 ct
339 5676 457 5730 bonatus
469 5686 559 5728 comes
569 5672 794 5730 lliliduneiisium.
812 5695 821 5727 i
836 5674 917 5747 ilinc·
966 5689 1059 5731 earum
1072 5689 1132 5745 que
1150 5676 1200 5730 sub
1217 5673 1351 5732 frotharii
1366 5672 1498 5729 ludensis
1514 5670 1634 5744 episcopi

135 5759 234 5811 ninius,
243 5745 269 5799 in
278 5745 431 5800 narratione
442 5743 475 5800 de
486 5741 548 5798 silla
556 5739 704 5812 Naribam,
716 5744 917 5817 captabatu-
966 5747 1045 5802 edite
1055 5753 1127 5802 sunt.
1141 5744 1181 5800 ln.

172 3429 182 3462 ¹
196 3437 225 3485 et
234 3429 344 3484 vassalli
356 3428 454 3498 daug.
