3824 6112
134 443 187 498 755

367 438 440 495 COD.
462 437 596 493 pluton.
616 469 649 476 —
664 436 841 493 nunuutcrt
861 440 1120 498 triturata-trudit
1139 442 1339 501 cuttecrtu.
1358 477 1394 484 -
1407 440 1475 500 tte.
1494 438 1514 499 l}
1714 449 1764 506 ist

171 555 233 607 ιιι.
254 550 350 616 Oreades
376 566 502 619 personae
520 548 554 601 orl
569 565 662 602 caesar
678 549 861 602 discernendas
878 550 885 578 ¹
899 562 923 601 et
940 556 960 608 A
976 557 1064 618 qualis
1080 560 1107 605 et
1121 556 1336 610 antecessoribus
1353 557 1453 611 nostris
1469 558 1578 623 regibus
1590 559 1632 614 vel
1651 560 1766 628 impera-

132 623 314 678 tenninonrlas
326 620 386 689 eligi
397 620 515 672 debeant.
529 619 565 672 lle
576 619 722 679 advocatis,
736 617 921 682 vicedominis,

133 695 253 754 vicariis,
268 691 430 745 centenariis
442 689 546 758 pravis,
565 698 594 742 ut
607 689 735 742 tollantur
751 697 778 742 ct
793 688 859 742 tales
872 689 922 742 eli-

135 774 244 835 gantur,
258 763 303 832 qui
325 770 352 813 et
371 762 457 814 sciam
474 766 501 813 et
518 759 601 814 velint
616 761 685 814 iuste
700 774 809 813 causatu
824 757 923 813 discer-

136 850 200 890 ncre
222 843 249 887 et
268 832 422 885 terminare.
448 828 481 882 Et
504 829 626 899 quisquis
643 832 653 860 ²
673 844 771 900 pravus
795 829 922 884 inventus

135 906 228 967 l'uerit,
242 903 320 957 orabis
355 917 383 956 ro
396 907 470 954 certo
483 901 631 954 nuntietur.

170 975 234 1029 att.
255 973 293 1026 De
311 918 427 1034 aroneis,
444 986 511 1040 qaae
521 970 531 1000 ¹
542 970 574 1023 aa
594 971 715 1023 narrantia
727 978 751 1022 et
765 969 873 1037 nauigiis
887 967 924 1022 ael

136 1046 206 1109 aliie,
231 1053 276 1096 ant
299 1057 466 1113 qaaecaaqne
486 1041 581 1094 iaiarte
603 1041 757 1109 exiperetur,
781 1039 844 1108 qaid
865 1039 923 1108 fieri

135 1117 237 1170 debeat.
261 1114 299 1167 lle
318 1111 431 1167 teloneis
448 1111 537 1180 placet
553 1111 631 1165 nobis
655 1110 701 1174 ita,
722 1118 752 1162 ut
772 1109 882 1178 antiqua
897 1116 925 1163 et

136 1187 208 1240 iusta
234 1184 337 1240 telonea
366 1198 381 1236 a
406 1181 618 1249 negotiatoribus
641 1180 784 1250 exigantur
810 1187 864 1232 tam
892 1179 925 1233 de

137 1257 274 1326 pontibus,
287 1269 367 1323 quam
380 1253 412 1306 dc
423 1252 538 1321 navigiis
552 1266 599 1306 scu
613 1252 749 1305 mercatis.
773 1248 846 1302 Nova
860 1264 925 1304 vero

137 1328 197 1382 sive
214 1325 322 1388 iniusta,
336 1323 383 1377 ubi
395 1323 438 1376 vel
457 1321 535 1376 iones
549 1321 703 1383 tenduntur,
721 1320 763 1374 vel
776 1335 836 1373 eum
851 1319 926 1373 navi-

136 1398 189 1452 bus
201 1397 251 1451 sub
263 1395 390 1465 pontibus
402 1393 542 1454 transitur,
554 1407 601 1447 scu
612 1391 654 1446 bis
666 1390 775 1453 similia,
788 1390 816 1444 in
828 1391 926 1459 quibus

137 1467 240 1523 nullum
259 1463 421 1519 adiutorium
439 1462 601 1518 iterantibus
615 1469 778 1531 praestatur,
795 1476 848 1514 oon
868 1459 925 1515 exi-

139 1546 246 1607 gantur.
264 1534 395 1589 Similiter
413 1534 495 1588 etiam
514 1533 684 1597 nectabis,
705 1532 750 1599 qui
773 1531 831 1584 sinc
845 1545 926 1600 nego-

138 1607 225 1663 tiandi
242 1620 323 1661 causa
336 1603 516 1659 substantiam
529 1618 606 1657 suam
618 1603 715 1657 deuna
735 1599 814 1656 domei
831 1616 878 1655 sua
892 1599 925 1654 ad

137 1679 218 1732 aliam
236 1677 333 1731 autad
350 1673 480 1742 palatium
495 1683 542 1727 aut
558 1672 748 1728 inexercitum
767 1671 878 1726 ducunt.
896 1669 924 1724 Si

977 623 1082 675 toritms
1096 631 1218 677 servatus
1236 640 1296 680 esse
1308 629 1489 694 cognoscitur.

1009 692 1070 745 atto.
1092 691 1229 747 otorano
1252 696 1382 750 dominica
1403 706 1427 749 et
1437 696 1583 767 symbolam
1606 708 1630 752 et
1652 713 1696 753 tea
1718 717 1766 756 eea

975 761 1089 832 capitale
1102 779 1190 832 repam
1202 762 1340 833 diligenter
1350 765 1543 836 intellegantur.
1553 767 1603 824 Ubi
1617 769 1678 824 laici
1692 785 1765 840 sym-

976 833 1067 886 bolum
1092 841 1119 885 et
1132 834 1282 887 orationem
1303 836 1465 890 dominicam
1489 837 1605 906 pleniter
1630 839 1765 894 ediscant.

975 900 1093 956 Comites
1115 918 1222 971 quoque
1240 912 1267 957 et
1285 907 1432 960 centenarii
1450 916 1477 959 et
1493 909 1577 962 ceteri
1594 909 1698 964 nobiles
1713 911 1766 964 viri

975 971 1060 1040 legem
1077 987 1153 1026 suam
1165 974 1280 1040 pleniter
1295 975 1305 1005 ⁰
1329 976 1442 1040 discant,
1457 978 1527 1031 sieut
1542 979 1569 1032 in
1580 978 1634 1034 alio
1647 978 1708 1034 loco
1719 981 1764 1035 dc-

974 1049 1080 1096 cretum
1092 1051 1144 1097 est.
1157 1042 1340 1113 rraeetptmos
1352 1055 1442 1100 autem
1456 1047 1545 1102 missis
1559 1048 1669 1114 nostris,
1686 1059 1716 1103 ut
1732 1065 1764 1104 ea

974 1127 1044 1181 quae
1060 1128 1075 1166 a
1089 1113 1181 1168 multis
1200 1114 1253 1167 iam
1271 1116 1349 1170 annis
1370 1131 1419 1200 per
1437 1117 1596 1186 capitularia
1625 1127 1718 1174 nostra
1737 1121 1765 1173 io

975 1191 1032 1237 toto
1048 1198 1130 1253 regno
1147 1192 1241 1239 nostro
1257 1185 1458 1251 mandavimus,
1478 1201 1569 1255 agere,
1586 1189 1701 1254 discere,
1718 1191 1766 1244 oh-

975 1268 1093 1316 servare,
1109 1254 1150 1309 vel
1171 1254 1198 1309 iu
1220 1257 1442 1311 consuetudinem
1467 1257 1566 1312 hahere
1587 1258 1719 1323 debeant,
1735 1269 1766 1314 ut

976 1324 1042 1377 haec
1059 1324 1149 1378 ostiaria
1162 1340 1234 1380 nuuc
1245 1326 1291 1381 dili
1311 1334 1388 1381 enter
1406 1327 1553 1396 inquirant,
1566 1338 1593 1383 et
1605 1329 1715 1383 omuino
1731 1330 1765 1384 ad

976 1394 1115 1449 servitium
1139 1394 1186 1448 bei
1214 1404 1241 1451 et
1273 1342 1310 1450 ιιι
1339 1397 1484 1451 utilitatem
1519 1407 1639 1453 nostram
1664 1399 1707 1453 vel
1731 1399 1766 1454 ad

975 1465 1096 1519 omnium
1107 1465 1317 1520 christianorum
1329 1467 1466 1521 bominum
1478 1468 1625 1536 perlectum
1637 1468 1766 1524 innovare

976 1535 1111 1599 studeant,
1133 1543 1161 1589 et
1179 1544 1309 1605 qnantum
1325 1537 1439 1592 Domino
1459 1539 1576 1594 donante
1596 1539 1764 1608 praevalent,

976 1605 1009 1659 ad
1035 1603 1183 1673 perlectum
1211 1621 1295 1676 usque
1317 1608 1474 1676 perducant.
1506 1610 1540 1663 Et
1558 1609 1636 1665 nobis
1656 1610 1766 1664 omnino

975 1676 1145 1740 annuntient,
1167 1677 1228 1745 quis
1249 1677 1313 1733 inde
1333 1679 1432 1734 bonnm
1455 1689 1592 1735 certamen
1610 1679 1661 1734 hoc
1679 1679 1765 1735 adim-

136 1748 202 1816 quid
216 1762 281 1803 vero
297 1745 389 1810 luerit,
409 1743 480 1798 uode
498 1743 645 1805 dubitetur,
661 1743 694 1797 ad
712 1741 841 1811 placitum
858 1742 926 1795 'no
976 1744 1049 1814 plere
1059 1745 1208 1810 habuisset,
1222 1757 1252 1802 ut
1268 1749 1352 1803 abeo
1366 1756 1394 1804 et
1409 1750 1514 1804 anobis
1526 1750 1640 1818 gratiam
1655 1749 1765 1803 habeat.

136 1827 234 1881 strum,
248 1817 318 1886 quod
333 1830 395 1871 cum
408 1814 500 1870 missis
513 1814 615 1869 nostris
632 1812 751 1868 habituri
764 1825 867 1876 sumus,
886 1812 925 1866 io·
950 1830 952 1834 ⁴
976 1814 1027 1882 Qui
1042 1824 1133 1870 autem
1150 1817 1295 1888 neglegens
1314 1819 1376 1873 inde
1392 1817 1483 1881 luerit,
1503 1827 1533 1872 ιι
1552 1819 1631 1873 talem
1648 1819 1768 1887 discipli-

136 1897 299 1972 terroqetur.
920 1953 925 1964 Ι
943 1895 964 1953 Β
979 1901 1041 1940 nam
1055 1887 1195 1955 percipiat,
1209 1888 1316 1957 qualem
1332 1889 1394 1942 talis
1408 1889 1444 1942 sit
1459 1897 1629 1958 contemptor
1646 1889 1768 1957 recipere

172 1957 235 2012 250.
256 1957 293 2012 De
309 1957 349 2012 ln'r
364 1957 408 2028 qai
425 1972 458 2011 ea
474 1953 560 2010 secale
574 1954 609 2008 ad
635 1954 795 2007 monasteria
812 1962 925 2007 conuerti
979 1956 1085 2026 dignus,
1098 1965 1128 2010 ut
1138 1959 1239 2012 caeteri
1251 1965 1353 2012 metum
1364 1958 1480 2013 habeant
1491 1960 1615 2029 amplius.

136 2027 235 2083 nolant.
249 2028 339 2083 Liberi
349 2027 482 2091 homines,
498 2025 544 2095 qui
562 2025 595 2078 ad
612 2023 752 2079 servitium
767 2023 813 2077 Dei
831 2038 860 2078 se
875 2032 927 2077 tra·
1013 2027 1075 2081 att.
1096 2025 1135 2082 De
1155 2029 1284 2082 occisione
1301 2028 1454 2083 clericoram
1467 2039 1491 2084 et
1507 2029 1671 2083 sacerdotem
1692 2039 1771 2100 atqae

138 2099 203 2153 dere
219 2099 324 2161 volunt,
348 2098 424 2168 prius
441 2096 493 2152 hoc
510 2111 563 2150 non
584 2094 695 2158 iaciant,
711 2108 793 2162 (ιιιιι
818 2109 833 2146 ι
850 2094 927 2148 nobts
978 2097 1175 2152 monachornm.
1197 2098 1247 2165 Qui
1261 2098 1454 2154 subdiaconum
1471 2098 1613 2163 occiderit,
1633 2108 1770 2156 trecentos

139 2169 276 2223 licentiam
327 2169 437 2223 stuleot.
455 2166 584 2222 llocideo
599 2163 863 2236 praeeipinrus‚qoia
877 2179 925 2217 au·
978 2167 1079 2223 solidos
1103 2178 1246 2251 conponat.
1270 2166 1321 2234 Qui
1346 2170 1496 2232 diaconum,
1523 2168 1767 2239 quadringentos*

140 2238 257 2293 divimus
278 2239 381 2307 aiquos
398 2254 431 2293 ιι
454 2237 507 2291 illis
530 2252 584 2292 non
601 2246 656 2290 tam
677 2248 759 2289 causa
778 2234 928 2289 devotionis
979 2238 1088 2299 solidos.
1113 2238 1164 2304 Qut
1176 2239 1366 2309 presbiterum,
1383 2249 1525 2295 sexcentos
1547 2239 1569 2291 ⁸.
1592 2239 1643 2306 Qui
1664 2241 1769 2310 episco-

140 2323 221 2377 quam
236 2308 384 2364 exercitam
403 2310 459 2364 sive
473 2307 552 2361 aliam
569 2305 733 2361 fonctionem
750 2321 763 2358 r
797 2304 866 2359 alem
885 2303 928 2357 lu·
977 2322 1051 2377 pour,
1074 2318 1225 2377 nongevrtos
1245 2309 1266 2361 ⁹.
1291 2306 1342 2374 Qui
1362 2311 1541 2374 monachum,
1566 2310 1771 2380 quadringentis

138 2379 251 2446 giendo3
269 2380 398 2448 quosdam
415 2393 478 2432 uero
498 2377 653 2446 cupiditatis
671 2390 752 2430 eausa
764 2319 804 2429 (ιι)
815 2374 868 2438 his,
880 2375 926 2442 qui
978 2378 1122 2447 culpabilis
1134 2379 1276 2435 iudicetur.

138 2464 184 2503 res
200 2447 306 2503 illorum
321 2449 524 2518 concupiscunt,
545 2448 743 2502 circumventos
757 2443 926 2510 audivimus;
1014 2448 1075 2502 262.
1091 2448 1128 2503 De
1138 2448 1258 2520 dampnis
1274 2450 1302 2503 ia
1313 2449 1513 2504 inmanitatibus
1523 2449 1610 2520 laetis.
1624 2450 1651 2505 Si
1664 2449 1725 2519 quis
1742 2448 1770 2502 in

137 2527 166 2572 ct
179 2519 231 2573 boo
243 2519 303 2574 ideo
318 2518 376 2574 lieri
390 2520 575 2589 prohibemus.
979 2518 1140 2574 inmunitate
1150 2520 1294 2589 dampnum
1305 2519 1413 2589 aliquod
1424 2519 1526 2583 lecerit,
1539 2529 1680 2576 sexcentos
1692 2519 1712 2550 ¹⁰
1724 2535 1770 2574 so·

174 2589 237 2642 256.
256 2588 295 2643 lle
310 2590 457 2644 bomirribns
470 2586 626 2659 paoperibus
643 2586 741 2651 liberie,
759 2596 787 2640 nt
805 2603 821 2639 a
838 2592 929 2654 poteo·
979 2587 1048 2643 lidos
1062 2605 1112 2644 eon
1149 2597 1206 2643 nat.

137 2658 250 2714 tiarilat
276 2675 328 2712 aon
351 2660 531 2741 opprimmmr
555 2658 660 2711 iniarte.
690 2657 727 2711 lle
754 2654 929 2726 oppressione
1014 2659 1076 2713 263.
1133 2659 1273 2729 efudbar
1302 2660 1374 2729 inlra
1392 2661 1560 2715 emunitatem
1579 2660 1684 2715 retentis
1703 2659 1767 2728 qaia

137 2743 287 2799 pauperum
303 2730 440 2784 hommum
464 2729 624 2793 liberorum,
641 2736 671 2781 ut
690 2743 744 2781 oon
760 2728 826 2780 darn
845 2740 861 2779 a
881 2740 929 2795 po·
979 2729 1108 2798 aperilem
1121 2731 1164 2784 rit.
1183 2729 1212 2785 Si
1224 2739 1315 2786 autem
1326 2730 1407 2786 homo
1418 2729 1519 2785 lurtum
1535 2739 1581 2784 aut
1594 2729 1770 2786 homicidium

139 2800 300 2854 tectioribus
317 2814 365 2869 per
379 2799 488 2868 aliquod
506 2798 605 2852 malum
627 2799 763 2868 ingenium
781 2811 875 2852 contra
889 2796 930 2850 iu·
980 2797 1085 2864 lecerit,
1098 2800 1139 2854 vel
1150 2801 1290 2870 quodlibet
1307 2801 1410 2856 crimen
1428 2799 1495 2855 loris
1508 2801 1681 2856 committens
1700 2798 1771 2853 inira

138 2870 242 2925 stitiam
267 2871 398 2939 oppressi,
421 2869 458 2924 ita
483 2876 513 2923 ut
533 2869 620 2923 eoacti
644 2884 688 2922 res·
702 2881 795 2922 eoram
812 2866 930 2921 ιιιιιιιι
980 2869 1179 2925 imunmitatem
1201 2870 1314 2941 fregerit,
1339 2871 1448 2924 mandet
1470 2886 1561 2926 eomes
1581 2871 1624 2926 rel
1644 2870 1772 2938 episcopo

140 2949 189 2994 aut
208 2940 326 2994 tradant.
344 2940 407 2995 ldeo
425 2941 492 2995 haec
510 2948 540 2993 ut
561 2954 642 3008 supra
666 2945 695 2991 et
713 2939 757 2993 bic
780 2939 813 2993 de
837 2936 930 2990 bberis
980 2938 1022 2993 vel
1036 2940 1127 2994 abbati
1145 2940 1187 2996 vel
1199 2941 1367 3003 vicedomno,
1380 2939 1421 2994 vel
1438 2940 1475 2993 illi
1489 2941 1535 3009 qui
1548 2941 1634 2997 locum
1651 2939 1770 3061 aqiseopi

138 3010 295 3065 hominibus
310 3011 437 3075 diximus,
456 3025 490 3065 ae
510 3008 579 3064 lorte
601 3016 726 3077 parentes
742 3016 837 3063 contra
853 3006 930 3060 iusti·
979 3009 1021 3063 vel
1034 3009 1139 3065 abbatis
1156 3013 1282 3075 tenuerit,
1296 3020 1326 3065 ut
1339 3010 1433 3064 reddat
1445 3010 1470 3063 ci
1484 3025 1569 3064 reurrr.
1603 3010 1631 3064 Si
1650 3009 1667 3062 il
1678 3024 1693 3063 e
1705 3024 1771 3063 con·

139 3080 206 3134 ιίιιι
220 3081 285 3135 liant
296 3082 451 3136 exheredati
464 3087 491 3133 et
502 3080 593 3205 roqale
602 3080 760 3148 obsequium
770 3076 929 3132 nrirtuatur⁸
980 3079 1121 3133 tradixerit
1141 3089 1168 3135 et
1185 3081 1296 3135 reddere
1314 3080 1443 3141 noluerit,
1462 3094 1510 3147 pro
1528 3080 1615 3148 prima
1633 3078 1771 3133 coinrandi-

139 3161 168 3205 et
184 3151 234 3219 ipsi
251 3151 363 3207 heredes
377 3159 488 3220 propter
504 3151 532 3204 in
552 3149 680 3233 igentiam
698 3148 814 3202 mendici
832 3146 873 3200 vel
891 3146 930 3200 la·
980 3149 1071 3204 ctione
1082 3151 1235 3219 qaindecim
1248 3151 1348 3206 solidos
1357 3158 1501 3218 conponat.
1517 3149 1545 3203 Si
1558 3149 1651 3204 licead
1663 3151 1772 3204 tertiata

139 3230 233 3275 tronos
254 3236 300 3275 seu
323 3221 509 3276 malefactores
531 3220 691 3274 adiciantur.
716 3219 750 3272 Et
770 3227 800 3271 ut
822 3217 930 3284 saepius
942 3250 966 3315 c
980 3220 1135 3276 consentire
1153 3220 1279 3285 voluerit,
1303 3219 1431 3289 quiequid
1454 3235 1516 3274 reus
1537 3219 1644 3290 dampni
1667 3217 1771 3281 lecerit,

141 3306 194 3345 nou
207 3292 273 3345 liant
287 3292 399 3346 manniti
414 3292 448 3345 ad
463 3292 601 3360 placitum,
619 3289 671 3344 nisi
685 3290 757 3344 sicut
773 3289 800 3343 in
815 3287 869 3342 alio
884 3301 930 3341 ca-
980 3299 1068 3345 totum
1090 3289 1152 3351 ille,
1175 3291 1298 3361 quicum
1319 3289 1388 3344 inira
1409 3290 1584 3344 emunitatem
1603 3290 1702 3343 retieret
1722 3303 1774 3343 uec

140 3361 251 3429 pitulari
285 3363 443 3431 recepimus.
980 3360 1093 3415 reddero
1112 3362 1181 3425 vult,
1204 3360 1309 3415 solvere
1329 3369 1451 3427 cogatur.
1480 3359 1514 3414 Et
1536 3360 1593 3428 ipse
1612 3374 1703 3414 conrcs
1723 3374 1772 3411 ve·

176 3431 238 3485 257.
256 3376 294 3486 Be
312 3431 425 3486 ecclesiia
445 3433 497 3485 riae
516 3430 613 3485 sanctia
636 3439 737 3484 noerrter
756 3428 875 3482 incentis.
892 3427 930 3482 De
979 3430 1056 3486 niens
1069 3431 1089 3462 ¹¹
1102 3431 1237 3486 licentiam
1256 3432 1354 3486 babeat
1376 3431 1463 3498 ipsum
1483 3430 1618 3484 boutihorn
1645 3427 1713 3483 inira
1732 3428 1774 3481 in-

140 3501 264 3556 ceclcsiis
281 3516 328 3556 seu
344 3503 445 3557 sanctis
466 3502 570 3555 noviter
587 3501 645 3554 sine
661 3499 824 3554 arroteritatc
841 3498 930 3552 inven-
979 3501 1140 3556 munitatem
1161 3502 1317 3571 quaerendi,
1335 3501 1488 3568 ubicunque
1506 3516 1568 3555 enm
1585 3499 1706 3554 invenire
1720 3513 1771 3567 po-

142 3573 178 3626 tis
189 3572 241 3628 nisi
257 3572 382 3641 episcopo
395 3572 525 3641 probante
537 3571 647 3625 minime
658 3576 822 3624 venerentur
835 3585 842 3620 :
856 3567 930 3623 salva
981 3572 1071 3626 tuerit.
1085 3571 1114 3626 Si
1128 3581 1219 3626 autem
1234 3572 1261 3625 in
1273 3571 1360 3640 prima
1373 3571 1548 3638 inquisitione
1559 3571 1650 3624 comiti
1665 3584 1774 3637 respou-

142 3642 225 3696 ctiam
237 3644 269 3697 do
281 3643 334 3698 boc
349 3652 376 3697 et
396 3641 430 3696 de
448 3641 573 3697 omnihus
590 3641 713 3695 eeclesiis
731 3638 862 3695 canonica
883 3654 931 3692 au·
980 3657 1039 3697 sum
1065 3640 1155 3706 luerit,
1182 3643 1254 3712 quod
1280 3657 1342 3696 reus
1363 3640 1434 3695 iolra
1457 3641 1644 3695 inmunitatem
1665 3640 1774 3708 quidem

144 3712 280 3767 ctoritate.
979 3710 1084 3777 luisset,
1098 3712 1145 3767 sed
1157 3713 1218 3783 luga
1232 3712 1324 3781 lapsus
1336 3712 1425 3774 luerit,
1443 3711 1535 3765 statim
1550 3712 1621 3764 iuret
1632 3710 1704 3780 quod
1716 3710 1774 3778 ipse

178 3781 241 3836 258.
263 3781 285 3836 ll
288 3791 297 3835 t
310 3783 468 3837 berihanans
483 3785 579 3855 aboqae
613 3799 766 3837 erroaararn
784 3779 931 3849 acceptione
980 3783 1087 3837 eumad
1102 3783 1233 3838 iustitiam
1252 3783 1395 3837 cuiuslibet
1406 3780 1598 3836 disfaciendam
1614 3780 1706 3850 lugere
1720 3795 1773 3832 ιιιι

144 3851 257 3920 fideliter
269 3853 300 3906 ab
314 3853 432 3907 omnibns
445 3855 574 3922 eaiqatar.
637 3849 929 3912 heribannatoribus,
980 3850 1104 3915 lecisset;
1121 3863 1149 3909 ιι
1165 3855 1201 3908 sit
1216 3853 1241 3908 ei
1258 3853 1286 3907 in
1304 3855 1355 3908 hoc
1370 3851 1548 3906 satisfactum.
1572 3850 1599 3904 Si
1622 3860 1712 3905 autem
1731 3850 1774 3902 iu·

145 3929 175 3976 ut
192 3922 266 3976 missi
287 3923 373 3977 nostri
394 3923 446 3978 boc
466 3924 580 3977 fideliter
599 3925 708 3994 exigant
732 3924 833 3992 absque
849 3919 931 3973 ullius
981 3923 1062 3976 tranti
1086 3924 1112 3976 in
1128 3925 1214 3992 ipsam
1236 3923 1425 3977 iotnunitatenr
1446 3922 1539 3975 conniti
1560 3920 1671 3974 collecta
1692 3934 1774 3971 mano

145 4005 274 4059 personae
286 3995 381 4062 gratia,
395 3993 523 4048 blanditia
539 4003 698 4049 seuterrore
718 3991 864 4048 seeundum
880 3989 933 4043 ius·
980 3993 1108 4061 quislibet
1128 3995 1255 4048 resistere
1276 3991 1434 4053 tentaverit,
1455 4005 1546 4044 curtios
1567 3991 1617 4043 boc
1632 3989 1665 4042 ad
1683 4003 1774 4056 regern

146 4062 249 4116 sionem
264 4072 394 4117 nostram.
412 4063 439 4117 ld
455 4073 495 4118 est
511 4065 584 4118 utile
596 4065 703 4118 homine
716 4065 832 4118 habente
847 4059 931 4114 libras
980 4062 1023 4116 vel
1046 4061 1078 4115 ad
1097 4063 1246 4131 principem
1268 4060 1380 4121 delerat,
1402 4070 1431 4114 ut
1450 4058 1548 4112 ibidem
1575 4059 1717 4111 itnliretur.
1740 4058 1774 4110 lit

146 4146 191 4186 sex
209 4132 236 4186 in
250 4149 326 4197 auro,
339 4135 366 4187 in
383 4142 504 4204 argento,
522 4135 634 4199 bruniis,
654 4140 818 4194 aeramento,
834 4129 932 4251 pannis
981 4132 1051 4187 sient
1066 4131 1120 4194 ille,
1132 4133 1216 4200 quiin
1233 4130 1393 4184 inmunitate
1404 4130 1532 4181 damnum
1545 4127 1617 4190 lecit,
1630 4135 1774 4180 sexcentos

148 4201 269 4271 integris,
286 4203 406 4266 caballis,
425 4204 521 4268 bobus,
534 4205 639 4266 ovibus,
653 4203 742 4258 vaccis
759 4200 800 4256 vel
817 4216 832 4253 a
844 4200 869 4253 io
884 4212 931 4267 pe·
981 4200 1082 4257 solidos
1090 4215 1242 4269 conponere
1255 4200 1341 4262 debet,
1356 4200 1392 4252 ita
1404 4198 1448 4266 qui
1462 4197 1554 4277 comiti
1567 4197 1679 4277 collecta
1693 4212 1773 4276 toarno

146 4272 226 4336 cubo,
248 4273 285 4328 ita
307 4283 337 4330 ut
359 4289 456 4328 uxores
476 4289 569 4327 comm
590 4275 632 4328 vel
655 4272 772 4327 insontes
788 4286 842 4326 nou
866 4270 932 4323 liant
982 4272 1110 4327 resistere
1124 4269 1424 4340 praesumit,seaecntis
1440 4267 1532 4321 solidis
1547 4265 1690 4335 culpabilis
1703 4266 1774 4319 rudr-

146 4341 253 4410 spoliati
265 4359 313 4413 pro
326 4346 376 4398 hac
391 4358 421 4397 re
441 4345 474 4398 de
489 4344 657 4398 vestimentis
671 4358 778 4404 eorurn,
799 4339 932 4408 accipiant
983 4351 1070 4398 eetrtr.
1687 4406 1693 4416 ·

146 4409 294 4482 legitimum
313 4415 517 4477 haeribannum,
530 4415 557 4468 id
572 4423 614 4468 est
633 4415 790 4467 librastres.
806 4410 857 4477 Qui
869 4424 933 4464 vero
1017 4411 1080 4465 adt.
1101 4410 1139 4464 De
1156 4409 1221 4464 loris
1240 4409 1274 4464 aa
1293 4407 1409 4463 elaartra
1430 4408 1615 4462 canonicor-am
1639 4405 1771 4486 [aetenam

146 4496 198 4534 non
211 4482 334 4539 babuerit
352 4484 467 4552 amplius
484 4488 511 4538 in
529 4483 711 4552 suprascripto
724 4482 811 4550 pretio
827 4479 933 4535 valente
983 4483 1021 4536 De
1034 4481 1101 4536 loeis
1109 4481 1204 4535 dandis
1217 4482 1250 4535 ad
1266 4480 1382 4534 claustra
1396 4478 1586 4531 cirionicorum
1603 4474 1735 4538 iacienda,
1751 4491 1773 4528 st

146 4551 197 4606 nisi
215 4553 298 4610 libras
315 4564 379 4616 tres
394 4554 471 4608 solidi
490 4555 599 4636 triginta
615 4555 649 4607 ab
664 4569 696 4607 eo
711 4553 862 4621 exigantur.
880 4548 931 4616 Qui
984 4550 1017 4605 de
1031 4552 1152 4606 eiusdem
1165 4551 1295 4606 ecclesiae
1306 4549 1386 4603 rebus
1398 4546 1486 4609 ιιιιιι,
1505 4555 1596 4629 nostra
1614 4544 1775 4625 liberalitate

146 4630 236 4676 autern
250 4640 303 4679 non
317 4625 441 4679 habuerit
457 4625 571 4691 amphus
583 4623 634 4677 nisi
647 4622 714 4676 duas
729 4622 819 4683 libras,
839 4619 932 4674 decem
948 4601 1146 4677 Dcoucedatur
1156 4621 1204 4676 ibi.
1218 4622 1246 4675 Si
1258 4621 1290 4676 de
1301 4618 1410 4673 alterius
1421 4618 1462 4672 vel
1473 4616 1610 4678 ecelesiae,
1623 4614 1664 4668 vel
1675 4614 1775 4669 bbevo-

146 4691 246 4747 solidos
265 4696 361 4750 solvat.
383 4695 412 4747 Si
432 4709 495 4749 vero
510 4693 561 4748 uisi
580 4707 660 4748 einaim
682 4692 777 4745 libram
798 4691 932 4756 habuerit,
984 4708 1043 4747 runt
1056 4691 1204 4753 hominurn,
1217 4696 1407 4747 commutetur.
1421 4688 1449 4742 Si
1460 4697 1549 4742 autem
1562 4689 1594 4742 de
1606 4686 1670 4740 llsco
1682 4693 1776 4739 nostro

147 4762 247 4818 solidos
262 4765 390 4845 quinque,
406 4765 442 4818 ita
463 4772 492 4831 up
509 4764 606 4818 iterum
630 4778 658 4817 se
672 4761 758 4815 valeat
772 4775 934 4830 praeparare
984 4762 1075 4826 luerit,
1091 4771 1183 4816 nostra
1197 4760 1356 4817 litteralirate
1368 4760 1542 4813 conrodatur,
1679 4825 1684 4836 1
1708 4825 1713 4835 ἱ
1757 4825 1763 4835 ⁶

148 4832 180 4885 ad
195 4830 240 4887 tter
253 4836 392 4889 servitium
410 4841 437 4888 et
451 4835 484 4887 ad
495 4843 615 4887 nostram
638 4832 791 4886 utilitatem.
813 4830 846 4883 Et
859 4830 934 4884 missi
1021 4832 1084 4886 265.
1104 4832 1143 4885 lle
1159 4833 1287 4902 emptione
1301 4841 1416 4899 ternpore
1428 4830 1519 4883 rnearir
1529 4844 1609 4882 roasa
1625 4824 1775 4895 cataractone

147 4904 232 4956 nostri
256 4913 368 4959 caveant
382 4912 409 4957 et
430 4903 571 4972 diligenter
593 4902 740 4971 inquirant,
760 4916 794 4955 uc
814 4915 863 4969 par
885 4900 935 4953 ali·
985 4912 1009 4957 et
1021 4903 1104 4972 turpis
1122 4901 1198 4954 lueri.
1215 4901 1383 4968 Quicumque
1399 4909 1518 4968 tompore
1535 4897 1630 4951 nressis
1647 4893 1689 4946 vel
1705 4901 1773 4972 tern-

146 4973 219 5040 quotl
230 4975 329 5028 malum
342 4974 477 5043 ingenium
492 4983 612 5028 nostram
632 4972 791 5026 subtrahant
802 4970 934 5026 iustitiam
985 4987 1051 5041 pore
1072 4971 1222 5025 vindemiae
1243 4986 1295 5024 non
1315 4970 1486 5031 rrtreessitate
1510 4968 1556 5021 scd
1574 4975 1683 5034 propter
1698 4976 1775 5040 cripi-¹

147 5043 225 5096 alteri
240 5044 370 5099 tradendo
387 5053 433 5097 aut
448 5041 670 5096 commendando.
985 5042 1096 5095 ditatem
1118 5050 1246 5109 conparat
1261 5041 1281 5070 ¹¹
1293 5054 1426 5092 annonam
1448 5046 1494 5091 ιιι
1515 5037 1616 5097 vinum,
1639 5031 1681 5084 vel
1702 5031 1776 5082 verln

182 5111 245 5166 259.
265 5114 304 5168 De
319 5113 466 5168 honrinibaa
480 5112 517 5167 ael
536 5112 638 5181 scorteis
652 5111 748 5175 liberis,
765 5112 809 5182 qai
827 5126 885 5163 eam
903 5107 937 5177 fi·
989 5111 1076 5181 gratia
1090 5108 1123 5163 de
1140 5111 1245 5164 dvrobus
1261 5109 1379 5163 denariis
1394 5115 1522 5174 conparat
1544 5103 1661 5184 modium
1681 5115 1774 5162 unuin,

146 5181 255 5236 realinia
275 5200 301 5238 re
320 5185 441 5253 inrigant.
462 5182 551 5237 hiberi
571 5183 704 5245 homines,
723 5181 768 5249 qui
785 5195 883 5234 uxores
904 5179 937 5233 de
988 5189 1016 5235 et
1035 5187 1154 5233 reservat
1168 5193 1254 5248 usque
1271 5180 1335 5233 dum
1351 5175 1505 5231 venundare
1523 5180 1607 5241 possit
1622 5178 1715 5224 ‹tootra
1731 5169 1778 5222 de-

149 5252 222 5306 liacis
252 5254 386 5324 regalibus
408 5252 520 5316 babent,
543 5260 570 5306 et
591 5250 717 5314 leontiae,
743 5264 812 5318 quae
836 5250 938 5302 liberae
990 5250 1081 5304 narios
1099 5256 1214 5329 quatoor
1234 5256 1280 5302 aut
1300 5262 1347 5301 sex
1369 5262 1414 5301 seu
1435 5243 1558 5313 amplios
1580 5242 1631 5295 hoe
1645 5248 1722 5319 turpe
1739 5238 1777 5290 ln-

150 5331 212 5376 sunt
228 5323 536 5378 ethomincsltscalinos
554 5321 641 5391 regios
660 5321 819 5373 autltabent
835 5326 938 5372 autae-
990 5334 1065 5374 crum
1087 5319 1211 5372 dicimus.
1239 5317 1268 5372 Si
1294 5332 1358 5371 vero
1380 5317 1430 5369 boc
1450 5320 1560 5382 propter
1588 5316 1775 5388 necessitatem

149 5392 263 5461 cipiunt,
278 5394 317 5447 vel
329 5395 362 5448 de
375 5393 524 5447 tmedttate
541 5399 682 5461 parentum
695 5389 735 5441 vel
748 5389 781 5442 dc
793 5403 874 5443 causa
888 5401 937 5442 sua
990 5395 1134 5457 conparat,
1152 5396 1181 5441 ut
1197 5388 1248 5442 sibi
1269 5388 1367 5441 habeat
1383 5394 1410 5439 et
1428 5384 1488 5437 aliis
1510 5382 1622 5445 tribuat,
1640 5386 1776 5447 negotium

150 5464 302 5531 quaerenda
320 5480 369 5518 nec
384 5463 417 5516 de
435 5462 588 5517 testimonio
602 5460 713 5530 probae
730 5458 937 5520 reabiciantur;
990 5459 1114 5514 dicinnrs.
1615 5521 1620 5531 ι
1754 5518 1760 5528 ,

151 5534 197 5587 sed
216 5535 278 5589 talis
296 5535 376 5588 etiam
387 5533 473 5588 nobis
496 5533 522 5587 io
539 5532 589 5585 bac
606 5545 685 5585 causa
702 5529 789 5584 iratior
805 5537 937 5591 servetur,
1025 5528 1086 5582 etta.
1106 5527 1146 5581 De
1157 5525 1299 5581 stabilitate
1314 5527 1492 5596 episcoporum
1504 5521 1542 5575 ael
1558 5516 1722 5574 clericorum.
1740 5518 1778 5574 bc

757 5619 1168 5700 vaotanrustucnbnas.

189 5762 465 5823 ¹discotieadasllol.
502 5754 767 5817 ’sicomesllllh
804 5753 873 5824 ’qui
885 5752 919 5808 G.
956 5750 1150 5821 διιιιιιιιιιὶ.
1189 5748 1347 5803 'minuetur
1358 5744 1392 5801 G.
1430 5741 1565 5826 'dread
1601 5741 1778 5799 'Dcinloct

149 5854 258 5894 corraso
268 5834 301 5892 G.
347 5825 702 5889 'DCCCClaloearaaaG.
750 5824 800 5879 'a
816 5824 850 5881 (ιι
860 5822 917 5879 uita
930 5832 1064 5893 conponat
1077 5823 1105 5876 in
1117 5821 1173 5875 laco
1187 5835 1246 5874 raro
1262 5816 1295 5873 G.
1347 5818 1368 5849 ἰ
1388 5812 1495 5872 DCCCC
1511 5811 1778 5869 inlocarorvaaod.

152 5910 172 5941 ¹¹
185 5908 276 5966 veniat
291 5905 324 5962 G.
337 5922 368 5960 er
381 5913 489 5958 convert.
528 5903 549 5934 ¹¹
561 5906 686 5969 conparet
699 5895 731 5952 G.
