3826 6112
57 1104 60 1109 ·
152 1077 296 1135 suetudine
302 1076 322 1141 ¹,
337 1083 365 1132 et
379 1075 453 1130 axilla
467 1074 634 1130 consuetudo
646 1083 843 1144 superponatur
855 1075 918 1146 legi.

53 1884 57 1892 ’
150 1893 237 1950 nostri
246 1893 281 1948 ad
298 1907 392 1948 eorum
401 1905 470 1961 opus
485 1891 585 1948 seruile
597 1908 651 1948 uon
665 1895 833 1964 opprimant;
849 1904 876 1950 et
886 1912 939 1966 qart-

35 2713 38 2719 '
142 2705 204 2764 illos
216 2705 237 2738 ¹¹
249 2706 370 2762 aldiones
384 2704 527 2774 recipiant.

159 243 211 309 115
657 240 783 300 canora
801 239 909 301 morit
927 243 1002 302 OPP.
1023 243 1112 304 etus
1130 249 1150 304 l.
1170 249 1271 308 SECT.
1293 251 1315 308 l.
1740 255 1798 318 m

378 377 546 421 ClPll'lthllE
565 377 726 436 euthemon,
964 366 991 426 Α
1189 385 1355 426 ctutruttttu
1374 385 1605 431 tancotttttttttttt.

192 481 220 538 p,
239 480 279 537 ne
302 476 357 534 fllia
383 476 461 534 cuius
481 483 559 547 pater
578 491 628 546 per
651 492 762 534 manum
786 481 952 551 arrogatoris
1036 476 1063 531 9.
1083 475 1122 531 lle
1135 477 1273 547 iurefiliee
1285 481 1313 534 ia
1327 496 1508 537 resterroram
1522 500 1586 555 qaas
1598 494 1673 555 pater
1685 485 1796 554 fectrit·

156 575 273 633 omnes¹
288 587 381 629 servos
394 586 457 627 suos
472 568 619 625 {assignari
633 569 741 636 liberos,
764 580 792 626 ει
812 573 874 642 quja
886 588 952 630 con-
1001 565 1083 622 deros.
1100 569 1138 624 lle
1164 569 1218 624 lilia
1241 572 1319 628 cuius
1340 581 1417 643 pater
1442 589 1491 644 per
1518 592 1615 632 manus
1641 581 1796 651 erogatoris

156 676 198 724 tra
211 669 299 739 legem
310 663 512 726 essevidentur,
528 661 714 720 instituimus¹
729 666 800 734 quod
810 667 867 737 ipsa
879 666 949 722 lilia⁸
1000 674 1095 715 Omnes
1108 675 1201 716 501108
1214 677 1278 718 ⁸⁰⁰8
1292 663 1370 720 iussit
1384 665 1443 721 fieri
1458 667 1568 733 libem,
1580 677 1608 724 θῑ
1618 671 1681 739 ¹luia
1696 681 1793 729 ⁰⁰¹⁸st

156 760 184 815 in
198 759 276 827 [effla
289 755 434 827 postponet
448 750 618 823 (temptatis
628 755 714 811 servis
726 755 823 811 iterum
836 756 950 813 introire
999 750 1084 821 legem
1106 767 1166 808 csse
1184 753 1306 820 ridetur,
1322 757 1491 813 instituimus
1513 766 1543 813 ut
1569 759 1627 830 ipsa
1640 761 1695 815 lilia
1710 761 1737 816 in
1751 769 1793 817 ta·

154 849 270 920 possim,
998 840 1051 897 lem
1066 842 1073 873 ¹
1088 843 1240 911 portionem
1256 845 1289 901 de
1300 836 1448 916 praelecti&
1458 851 1546 905 servis
1559 850 1657 907 iterum
1679 853 1794 911 introite

997 932 1091 999 possit,
1100 934 1200 1002 qualc¹
1217 936 1368 1005 portionem
1383 938 1416 993 de
1427 938 1488 994 aliis
1504 940 1586 996 rebus
1595 943 1728 1012 genitoris
1736 945 1790 1000 sui.

1032 1021 1075 1076 l0.
1096 1022 1135 1076 De
1146 1026 1301 1080 auctoritate
1326 1025 1390 1097 legis
1407 1037 1432 1082 et
1463 1031 1669 1086 consuetudinis.
1684 1033 1792 1090 Placuit

995 1112 1074 1167 nobis
1095 1113 1223 1178 inserere,
1238 1116 1284 1171 ubi
1304 1117 1346 1172 lex
1373 1125 1424 1184 εει,
1446 1120 1592 1188 praecellat
1615 1124 1791 1181 consuetudi·

895 1275 902 1293 .
995 1218 1066 1267 nem,
1082 1206 1193 1259 utnulla
1208 1207 1374 1264 cousuetudo
1385 1224 1434 1265 nec
1453 1221 1650 1281 superponatur
1663 1214 1763 1285 legem.

817 1259 942 1322 lenm
1030 1294 1073 1347 ll.
1094 1294 1133 1348 De
1150 1306 1275 1366 potestate
1295 1298 1421 1353 uendendi
1444 1308 1468 1354 et
1495 1301 1612 1356 donandi
1625 1304 1654 1357 in
1676 1304 1788 1374 [emina.

995 1382 1098 1438 Placuit
1108 1385 1190 1439 etiam
1203 1386 1281 1441 nobis
1291 1401 1475 1458 quaecumque
1489 1389 1588 1446 semina
1602 1391 1612 1423 ¹
1625 1402 1790 1462 potestatem

189 985 234 1042 to.
245 985 349 1041 Placuit
357 985 477 1039 inserere
500 984 546 1039 ubi
562 984 678 1048 lexerit,
694 983 858 1054 praecellere
882 1000 947 1041 con·

188 1171 233 1225 11.
253 1169 358 1225 Placuit
369 1168 451 1224 etiam
470 1167 558 1232 nobis,
584 1175 614 1222 ut
638 1181 823 1236 quaecumque
846 1166 945 1222 remim

151 1269 312 1333 potestatem
325 1261 407 1316 habet
421 1275 468 1330 per
478 1259 677 1315 commeatum¹
692 1258 744 1313 viri
762 1259 804 1313 sui

151 1352 249 1408 habeat
261 1358 422 1422 potestatem
440 1356 468 1405 et
480 1350 591 1405 donare.

188 1487 232 1541 ¹2.
251 1487 289 1542 be
314 1487 456 1557 mancipiis
482 1485 575 1557 palatii
609 1486 695 1543 nostri
719 1495 747 1542 et
768 1487 942 1543 ecclesiarum
994 1474 1075 1530 babet
1087 1490 1134 1546 Pir
1147 1478 1292 1535 cultillum
1303 1479 1355 1533 viri
1367 1481 1408 1537 sui
1422 1480 1433 1512 ⁸
1445 1483 1571 1549 vendere,
1586 1484 1684 1541 habeat
1695 1494 1791 1557 potes·

150 1587 305 1636 nostmrum
315 1576 441 1633 nolumus
453 1577 611 1633 mundium¹
625 1578 753 1647 recipere,
769 1579 817 1635 sed
834 1588 942 1635 nostras
994 1573 1078 1620 tatem
1091 1566 1201 1622 d⁰¹¹²¹¹'⁰·

149 1670 223 1740 ipsas
235 1667 384 1737 mancipias
392 1667 503 1724 habere.
954 1709 980 1771 B
1030 1657 1073 1711 17.
1093 1658 1132 1712 De
1144 1661 1280 1731 mattcipiis
1293 1661 1386 1733 palatii
1397 1672 1422 1718 et
1441 1664 1618 1722 ecclesiarum.
1643 1670 1682 1726 lle
1706 1686 1788 1729 man·

993 1748 1074 1818 cipiis
1089 1749 1214 1818 palatinis
1239 1754 1453 1810 ctecclesiarum
1482 1767 1636 1815 nostrarum
1657 1763 1789 1824 notamus

993 1842 1104 1898 mundio
1117 1843 1244 1912 recipere,
1254 1854 1296 1900 set
1306 1857 1414 1901 nostras
1424 1848 1480 1915 ipsa
1490 1851 1639 1920 mancipias
1653 1854 1756 1910 habere
1762 1855 1786 1912 ¹.

1028 1931 1071 1986 15.
1099 1931 1137 1986 De
1148 1932 1235 1986 tiberis
1248 1934 1394 1989 ltotaiaibuc
1411 1936 1445 1989 ud
1463 1937 1568 1992 seruilia
1583 1954 1662 2010 opero
1675 1959 1728 1997 aaa
1740 1960 1788 1999 co·

186 1802 230 1857 17.
250 1800 354 1856 Placuit
368 1801 457 1868 nobis,
467 1809 498 1856 ut
508 1801 569 1857 illos
578 1801 680 1858 liberos
692 1804 816 1860 homines
830 1806 942 1862 comites

147 1998 264 2053 cumque
289 1984 341 2040 hoc
362 1982 472 2048 lecerit,
505 1983 576 2039 sicut
607 1984 780 2040 iudicatum¹
807 1985 941 2043 habemus

145 2076 281 2132 emendet·
866 2097 868 2102 ,
992 2023 1091 2092 pendis.
1118 2023 1222 2079 Placuit
1247 2026 1335 2089 uobis,
1348 2033 1379 2080 ut
1391 2026 1452 2081 illos
1475 2027 1575 2084 liberos
1592 2030 1717 2088 homines
1741 2048 1787 2091 co·

991 2113 1071 2169 mites
1087 2115 1172 2169 nostri
1185 2115 1218 2169 ad
1229 2129 1322 2171 eorum
1338 2131 1406 2185 opus
1419 2118 1518 2172 servile
1534 2134 1587 2174 nou
1606 2120 1784 2189 obpremant;

180 2207 224 2263 ld.
244 2208 283 2263 lic
296 2207 377 2263 rebus
396 2222 466 2279 quae
492 2205 669 2278 llildegardae
688 2208 797 2281 reginae
824 2209 940 2266 traditae
990 2215 1018 2261 et
1030 2206 1192 2276 quicumque
1216 2206 1267 2261 boc
1287 2205 1376 2261 lacere
1390 2208 1610 2277 praesumpserit,
1634 2212 1786 2269 secundom

145 2299 264 2362 luerunt,
288 2297 413 2353 volumus
440 2304 471 2352 ut
490 2298 557 2353 hant
588 2297 739 2370 descriptae
761 2301 940 2368 breues¹¹,et
990 2297 1137 2352 iudicatum
1149 2296 1220 2367 quod
1230 2297 1360 2351 trahemus
1377 2297 1511 2353 emendor.

144 2388 219 2460 ipsae
232 2388 372 2444 brcrcsad
386 2403 436 2444 nos
447 2387 513 2441 liant
526 2387 668 2444 adductae.
1024 2385 1068 2440 tt.
1085 2386 1123 2441 De
1135 2385 1210 2440 redas
1237 2388 1341 2458 reginae
1361 2387 1381 2440 ¹.
1407 2387 1445 2441 lle
1467 2389 1548 2444 rebus
1572 2389 1618 2458 quii
1636 2390 1785 2449 ildicardae

990 2479 1099 2551 reginae
1122 2480 1237 2534 traditae
1261 2479 1378 2542 luerunt,
1403 2480 1527 2535 volumus
1542 2488 1572 2535 ut
1593 2480 1658 2537 hant
1679 2483 1784 2554 scripta

988 2585 1037 2641 per
1048 2571 1155 2634 brebes,
1170 2571 1266 2641 etipsa
1280 2571 1377 2626 brebes
1389 2573 1423 2626 ad
1438 2587 1488 2627 nos
1505 2572 1570 2627 hant
1585 2573 1729 2630 adductae.

1024 2661 1067 2716 15.
1084 2662 1123 2715 lie
1135 2661 1283 2716 aldionibus
1291 2661 1394 2733 palatii.
1408 2663 1466 2717 Non
1481 2670 1522 2718 est
1536 2673 1629 2719 nostra
1642 2666 1784 2728 voluntas.

987 2760 1018 2807 ut
1038 2752 1161 2807 homiues
1187 2752 1379 2807 Placentinos¹
1403 2767 1453 2822 por
1472 2768 1566 2810 eorum
1590 2764 1736 2826 praecepto
1745 2755 1782 2812 dc

177 2818 221 2874 ¹5·
237 2819 276 2874 ⁰0
297 2817 418 2890 suguilis
445 2817 569 2888 pambus
587 2817 734 2875 B⁰⁰⁰l⁸¹¹ll
748 2826 775 2875 ¹³²
796 2819 936 2891 5901(ὲιίίι
986 2854 1063 2901 curte
1072 2845 1165 2916 palatii
1181 2844 1267 2902 nostri
1284 2845 1346 2901 illos
1357 2846 1477 2903 aldiones
1490 2849 1631 2917 recipiant.

142 2910 408 2969 sitellomaniaevel
422 2909 570 2980 Pentapoli,
588 2910 634 2980 qui
645 2909 801 2982 coniugium
815 2911 934 2981 iaciunt,
1021 2933 1065 2990 gp,
1082 2934 1121 2989 pe
1135 2933 1260 3006 fugitote.
1279 2935 1318 2991 lte
1335 2935 1455 3007 lugititis
1474 2938 1520 3007 qul
1540 2939 1569 2994 in
1590 2941 1715 3010 partibus
1727 2942 1782 3000 no.

142 3018 172 3064 ¹¹⁸
184 3008 366 3074 “fedilisslub
382 3015 410 3062 <³⁸
422 3008 477 3064 ⁸5¹¹!
490 3007 592 3063 lelffil
602 3008 637 3064 ³¹¹
650 3009 790 3078 Pf⁰Pll¹¹¹¹¹
803 3009 903 3065 ¹⁰⁰⁰ffl·
945 3050 970 3116 c
986 3027 1094 3082 nebeuti
1109 3035 1157 3081 aut
1168 3026 1280 3096 Spoleti,
1303 3027 1361 3087 sive
1373 3028 1521 3085 humaniue
1546 3030 1589 3086 rel
1601 3032 1743 3104 Pentapoli
1755 3034 1779 3102 ⁸,

178 3126 223 3180 tt.
244 3123 322 3180 stent
341 3122 508 3179 consuetudo
529 3122 581 3177 tuit
602 3122 718 3194 sigillum
734 3123 756 3154 ¹⁸
769 3131 797 3179 et
819 3123 934 3194 epistula
987 3115 1142 3190 consumunt
1159 3117 1271 3184 tactum,
1285 3126 1316 3174 ut
1331 3120 1486 3188 reddantur,
1505 3130 1533 3178 et
1551 3122 1606 3179 siat
1628 3127 1730 3183 revomi
1745 3127 1791 3186 ad

139 3216 282 3289 prendere,
296 3222 324 3271 et
336 3215 395 3271 rias
407 3213 553 3284 relportas
571 3215 718 3281 custodire,
737 3215 776 3270 ita
801 3230 874 3272 uurtc
899 3214 935 3271 sit
984 3209 1094 3279 proptia
1111 3208 1178 3265 loca.

141 3307 254 3364 lactum.
1020 3303 1064 3357 17.
1079 3302 1118 3357 lle
1129 3302 1223 3374 tigillis
1235 3312 1258 3358 et
1265 3302 1388 3374 epistolia,
1396 3303 1460 3359 etde
1471 3306 1585 3376 portaris
1591 3306 1780 3364 manutenetis.

376 3411 526 3454 vastaturus
543 3412 698 3454 creatores.
1001 3395 1078 3452 Sicut
1096 3395 1264 3451 consuetudo
1280 3394 1332 3450 luit
1343 3397 1460 3468 sigillum
1474 3404 1501 3453 et
1514 3396 1626 3468 epistola
1639 3397 1781 3469 prindere,

185 3531 348 3588 ,homines·
376 3531 402 3585 Ι.
426 3530 544 3587 hominis
564 3529 592 3584 ξ.
634 3530 843 3586 ‚insumemus
869 3532 895 3586 Ι.
984 3494 1012 3543 et
1023 3487 1081 3542 rias
1093 3487 1135 3542 rel
1147 3492 1273 3556 portoras
1284 3487 1429 3554 custodire,
1447 3488 1484 3543 ita
1496 3504 1569 3543 nunc
1589 3487 1625 3543 sit
1646 3486 1760 3545 tactum.

142 3601 275 3658 ¹tleettl.
313 3601 482 3672 ‘separatio
505 3601 598 3656 decant
624 3601 651 3654 l.
690 3599 736 3654 ⁸i.
752 3615 779 3671 p.
798 3600 890 3656 derant
906 3610 931 3657 et
1212 3593 1363 3634 “mmm
1388 3593 1543 3636 mmm·
1599 3660 1607 3675 ,ἰ

141 3674 169 3727 in
191 3673 220 3727 2.
257 3671 509 3728 ¹consuedutinem
538 3671 563 3724 1.
601 3670 744 3726 'comiato
758 3669 785 3724 Ξ.
823 3670 931 3727 ¹narra·
1018 3667 1184 3722 ιιετιίειιή.
1222 3668 1232 3698 ¹
1258 3666 1357 3739 reliam
1381 3685 1412 3722 co
1434 3669 1474 3723 'tis
1496 3668 1590 3723 demat
1605 3669 1635 3724 2.
1653 3671 1679 3724 3.
1701 3671 1730 3724 l.
1745 3670 1777 3727 5.

141 3743 186 3799 dio
207 3743 236 3798 2.
273 3741 472 3797 ¹iudicandum
489 3740 516 3794 1.
556 3740 577 3772 ¹¹
590 3741 673 3796 breue
692 3739 718 3794 l.
758 3741 779 3772 ¹¹
792 3749 823 3796 ut
835 3756 931 3799 omues
980 3739 1037 3794 ⁸l.
1058 3737 1220 3808 langobarda
1247 3737 1316 3791 ilat.
1344 3738 1373 3792 t.
1426 3755 1452 3792 a.
1472 3738 1530 3792 list.
1574 3739 1625 3794 1ε.
1648 3756 1692 3797 res
1712 3757 1780 3800 suas

141 3812 169 3867 h.
188 3814 216 3868 2.
256 3812 277 3845 ¹¹
297 3818 440 3883 praecepta
462 3809 489 3865 2.
530 3809 550 3842 ¹¹
568 3809 607 3864 ill.
625 3811 651 3864 l.
669 3809 742 3867 illius
762 3809 790 3865 2.
829 3810 851 3842 ¹¹
867 3826 930 3883 spo-
978 3826 1006 3866 x.
1022 3809 1050 3864 2.
1088 3807 1213 3879 ”reliquo
1233 3807 1326 3862 derant
1342 3809 1369 3881 in
1386 3795 1412 3862 3.
1451 3808 1624 3878 ‘hoecapat
1647 3811 1721 3865 deest
1745 3811 1779 3869 itt

138 3881 257 3940 litanid.
297 3882 398 3939 ¹¹etl.
438 3879 459 3913 ¹¹
481 3880 569 3952 sigillo
583 3880 609 3935 1.
978 3879 1048 3937 tt.
1084 3876 1256 3948 ¹placentini
1275 3877 1302 3931 2.
1328 3878 1414 3942 bd.
1437 3877 1601 3948 ¹pentauoli
1625 3880 1651 3933 1.

184 2523 227 2579 15.
247 2523 306 2579 Non
320 2533 362 2579 est
371 2531 464 2578 nostra
476 2522 601 2579 voluntas
619 2524 780 2580 uthomines
794 2525 813 2556 ¹¹
823 2525 938 2581 Placen·

143 2615 192 2670 tini
206 2629 254 2686 per
267 2630 360 2670 corum
369 2621 544 2684 praeceptum
559 2613 580 2644 ¹¹
595 2612 628 2669 de
641 2621 719 2670 curte
733 2615 826 2686 palatii
850 2615 937 2671 nostri

143 4042 1771 4071 -u——-—-——————--——--·--·-—·--·-··-···—·--

533 4160 785 4225 cauttutnntt
805 4158 1171 4224 rabunbauuttuttsu
1194 4157 1270 4237 (hu.
1292 4155 1376 4238 785).

172 4392 268 4447 Exstat
289 4388 385 4444 unicus
397 4388 494 4442 horum
511 4384 691 4467 capitulorum
716 4386 800 4442 codex
812 4385 841 4442 in
864 4387 1027 4444 bibliotheca
1041 4387 1171 4444 Vaticana
1184 4387 1255 4442 iuter
1267 4386 1375 4442 codices
1386 4384 1523 4443 Palatinos
1540 4402 1568 4440 n.
1595 4387 1666 4452 289,
1687 4389 1774 4459 mbr,

137 4478 200 4520 omo.
215 4476 251 4524 rx,
269 4473 350 4529 quiem
363 4466 424 4527 post
438 4456 580 4519 llolstenti,
595 4455 806 4526 furstenbergii,
820 4454 958 4527 conringii
980 4469 1007 4512 et
1020 4456 1122 4512 Baluzii
1137 4471 1227 4522 curas,
1241 4457 1333 4512 Romae
1358 4471 1429 4511 auno
1444 4455 1513 4511 1822
1533 4471 1655 4526 presens
1672 4459 1774 4518 iterum

135 4529 277 4601 exscripsi.
292 4527 357 4597 Ejus
375 4528 466 4597 itaque
479 4526 512 4581 ad
525 4524 605 4580 iidem
617 4524 763 4580 editionem
780 4541 876 4581 novam
889 4527 1005 4582 institui.
1023 4528 1062 4583 De
1075 4536 1195 4595 tempore
1211 4536 1238 4581 et
1252 4527 1310 4584 loco
1326 4526 1408 4581 edicti
1433 4525 1513 4596 hujus
1530 4541 1583 4582 non
1601 4535 1719 4582 constat.
1735 4530 1774 4587 ht

136 4602 272 4660 neminem
285 4598 378 4668 fugiet,
397 4595 557 4666 sanguineas
570 4595 643 4666 leges
655 4609 705 4650 nec
715 4610 785 4651 anno
796 4595 848 4650 777
863 4612 917 4666 quo
929 4597 1046 4667 primum
1063 4596 1146 4652 totius
1159 4596 1282 4651 Saxouiae
1307 4605 1417 4651 senatus
1429 4604 1456 4650 et
1469 4597 1583 4667 populus
1597 4595 1771 4654 Padcrbrau-

136 4690 178 4729 itm
190 4670 362 4732 conveniens,
381 4686 391 4719 t
407 4666 601 4737 ingenuitatem
613 4673 641 4720 et
653 4665 757 4720 alodem
768 4666 893 4722 manibus
905 4667 1026 4737 dulgtum
1040 4666 1160 4722 lecerunt
1175 4666 1227 4721 nisi
1240 4674 1431 4722 conservarent
1446 4665 1671 4722 christianitatem
1685 4675 1714 4722 et
1736 4669 1772 4724 ll-

135 4744 273 4801 delitatem
287 4737 378 4794 domni
401 4736 491 4794 Caroli
516 4736 587 4818 regis
604 4736 842 4801 etanoo1·um,t
872 4751 923 4792 nec
945 4753 1016 4793 anno
1038 4736 1100 4802 780,
1119 4751 1173 4806 quo
1198 4737 1226 4790 in
1249 4737 1351 4807 synodo
1362 4737 1396 4791 ad
1419 4735 1624 4804 lippibrunnon
1646 4737 1772 4794 ccclesia¹

135 4818 298 4872 constructae
311 4817 337 4864 ct
349 4816 407 4862 tota
421 4806 538 4862 Saxonia
550 4814 622 4860 anter
633 4805 774 4875 episcopos
783 4807 959 4888 presbyteros
973 4808 1086 4862 abbates
1099 4815 1127 4862 et
1140 4807 1252 4861 comites
1265 4807 1348 4863 divisa
1362 4814 1413 4871 cst,
1438 4822 1489 4861 nec
1502 4806 1608 4861 demum
1631 4821 1704 4862 anno
1715 4807 1770 4865 tos

135 4900 189 4956 quo
202 4883 374 4938 incunt-catu
388 4876 422 4933 ad
434 4876 656 4931 eumdemlocum
671 4876 790 4946 generali
814 4890 847 4931 ex
869 4877 1038 4932 nobilissimo
1063 4877 1200 4931 Saxonum
1213 4893 1311 4946 genere
1335 4876 1449 4931 comites
1473 4876 1613 4932 constituti
1635 4885 1710 4943 suut,
1722 4878 1771 4935 sed

134 4963 201 5010 tunc
218 4954 325 5009 demum
340 4947 441 5018 imponi
455 4955 482 5002 et
496 4945 644 5000 consentiri
655 4947 790 5016 potuisse,
804 4961 877 5012 cum,
901 4948 1019 5002 triennio
1031 4954 1093 5016 post
1108 4945 1207 5001 eadem
1232 4946 1352 5016 hdalgisi
1375 4955 1402 5000 et
1428 4945 1549 5015 Geilonis
1570 4956 1676 5011 exacto,
1711 4955 1769 5003 tota

135 5023 251 5080 Saxooia
269 5018 400 5090 supplicio
413 5017 551 5081 Ferdensi,
564 5016 662 5086 pugnis
678 5017 711 5071 ad
724 5017 894 5081 Theotmelli,
908 5018 943 5073 ad
956 5018 1055 5072 llasam
1068 5014 1140 5072 etad
1155 5015 1286 5086 Lippiam,
1300 5024 1327 5071 et
1345 5017 1481 5071 continuis
1494 5017 1660 5072 Francorum
1687 5018 1769 5072 caedi-

135 5096 195 5160 bus,
209 5108 238 5147 ra
259 5091 311 5146 iuis
323 5099 351 5145 et
363 5086 559 5143 vastationibus
570 5085 603 5140 ad
612 5086 822 5143 internecionem
836 5101 922 5156 usque
935 5087 1021 5142 deleta
1035 5095 1117 5142 esset.
1129 5085 1205 5141 Tunc
1219 5087 1290 5142 enim
1307 5085 1419 5142 Carolus
1433 5101 1478 5140 aa.
1503 5085 1554 5142 785
1566 5086 1705 5157 publicum
1718 5100 1769 5156 po·

134 5163 191 5234 puli
205 5179 247 5218 sur
264 5167 380 5217 convent
401 5174 427 5212 m
440 5155 533 5212 babuit
548 5154 582 5210 ad
594 5153 827 5211 Paderhrunnone
844 5172 906 5212 cum
919 5156 1031 5212 Francis
1047 5165 1075 5212 et
1088 5155 1240 5212 Saxonibus
1253 5175 1281 5221 a,
1297 5156 1343 5210 ubi
1357 5156 1390 5209 iis
1405 5171 1465 5224 quae
1478 5156 1511 5210 ad
1524 5154 1597 5210 illius
1616 5166 1769 5211 contentus

135 5234 266 5288 rationem
279 5175 449 5300 pertinclaant
462 5227 588 5297 peractis,
607 5225 729 5281 ecclesiis
743 5240 792 5295 per
808 5225 953 5281 Saxoniam
966 5227 1125 5283 restauratis
1139 5237 1152 5265 ι
1165 5234 1193 5281 et
1214 5226 1294 5294 paulo
1305 5234 1367 5295 post
1378 5224 1540 5281 Widoliudo
1556 5233 1584 5281 ει
1595 5225 1720 5280 abbione
1730 5224 1767 5280 ad

133 5302 359 5359 christianitatem
372 5296 520 5362 conversis,
537 5303 592 5353 tota
604 5294 720 5350 &aonia
733 5305 760 5351 et
773 5296 801 5349 in
815 5295 946 5367 religione
957 5304 984 5350 et
1005 5297 1032 5350 in
1046 5294 1175 5351 fidelitate
1197 5295 1270 5365 regis
1281 5309 1330 5366 per
1351 5310 1436 5352 anuos
1455 5304 1557 5367 septem
1577 5295 1712 5367 perstitit.
1724 5293 1769 5351 tt

134 5372 201 5430 illud
217 5372 300 5442 igitur
309 5369 481 5440 potissimum
496 5376 602 5438 tempus
615 5373 642 5422 et
657 5365 746 5423 locum
761 5365 879 5423 edictum
891 5365 975 5423 hocce
987 5366 1123 5435 pertinere
1140 5378 1247 5420 censeo

878 5498 994 5560 NOTAE.

168 5607 185 5641 ⁸
201 5593 270 5655 hta
279 5595 368 5654 tiam
380 5595 410 5652 S.
424 5592 580 5654 willebadi.
