3826 6112
141 304 194 361 aas
498 303 611 360 conen
628 300 887 361 urmnsncus.
907 297 1322 357 -clruommu-ss.
1341 264 1410 358 eoo
1712 294 1765 356 seu

139 418 303 475 sumtiosum
314 415 360 479 sit,
376 422 406 469 ut
416 413 534 470 illumde
553 415 597 470 bis
609 415 654 484 qui
668 415 772 470 bostem
783 414 872 470 lacere
883 414 928 469 de·
941 417 968 477 Α
980 411 1053 467 stitia
1064 411 1220 481 perficiendi
1230 427 1338 481 semper
1354 420 1481 481 paratos.
1493 413 1579 481 legem
1593 411 1708 479 pleniter
1720 413 1767 467 ob·

141 507 284 569 bitisunt,
305 503 401 558 exinde
422 502 463 558 vel
487 502 575 572 aliqua
595 503 929 575 propinquitatis¹dcleu-
979 512 1120 560 servantes
1145 505 1247 574 absque
1266 505 1359 560 lraude
1384 504 1509 575 maligno,
1537 505 1638 559 iustum
1661 519 1768 575 sernpqr

140 595 256 659 monem
273 593 314 648 vel
326 594 404 649 euius
412 593 533 648 muneris
547 593 724 649 adolationem
737 594 872 650 dimittere
882 609 930 649 au·
972 593 1108 656 iudicium
1120 594 1147 647 in
1156 593 1281 649 omuibus
1291 601 1462 658 exercentes,
1483 593 1652 661 praepositos
1663 602 1769 649 vestros

140 685 233 740 deant.
980 684 1066 750 tales,
1091 683 1184 754 quales
1196 692 1289 740 sancta
1307 684 1398 754 regula
1413 683 1474 738 lieri
1486 684 1574 739 docet.
1599 683 1633 737 Et
1647 685 1699 739 boc
1711 700 1769 740 orn·

178 776 205 831 8.
227 773 263 831 Ut
275 773 379 831 nullum
398 774 518 828 bannum
532 772 574 827 vel
586 781 760 843 praeceptum
779 774 870 831 domni
883 775 931 830 im-
981 774 1046 832 nino
1056 774 1208 837 observem,
1223 781 1254 828 ut
1267 772 1446 827 nullatenusa
1461 772 1558 840 quibus
1567 772 1653 841 magis
1662 772 1771 827 nobis¹l

140 866 278 936 peratoris
288 864 377 920 nudus
386 863 497 921 omnino
507 863 535 918 in
552 863 627 920 nubo
638 864 754 920 marrire
766 877 931 935 praesumat,
981 862 1136 919 acanonicn
1149 860 1191 915 vel
1204 859 1319 930 regulari
1330 874 1425 916 norma
1434 859 1601 924 discendant,
1621 860 1669 913 sed
1679 861 1769 914 burni-

140 968 231 1022 neque
248 967 317 1022 opus
337 952 397 1008 eius
411 953 512 1008 tricare
523 951 534 982 ¹
547 951 589 1006 vel
600 951 730 1020 inpedire,
744 952 786 1007 vel
800 955 932 1020 minuere,
982 951 1087 1009 litatem
1107 952 1134 1006 in
1148 952 1275 1007 omnibus
1289 951 1414 1006 babeant.
1431 949 1461 1004 si
1482 957 1572 1003 autern
1590 949 1669 1004 aliter
1693 964 1770 1019 prac-

144 1042 186 1098 vcl
201 1043 228 1097 in
241 1045 294 1100 alla
315 1042 470 1108 contrarius
482 1040 554 1097 berit
568 1042 698 1097 voluntati
723 1044 765 1099 vel
783 1046 933 1116 praeceptis
982 1042 1140 1107 sumserint,
1164 1040 1288 1112 regulare
1314 1038 1456 1108 disciplina
1482 1037 1610 1093 sentiant.
1636 1038 1717 1093 Etsi
1742 1053 1773 1093 sa

142 1134 212 1190 eius
224 1133 390 1190 Etutuemo
403 1132 523 1190 debitum
538 1148 617 1190 suum
629 1134 670 1189 vel
694 1149 804 1191 censum
819 1138 934 1193 marrire
983 1134 1128 1190 emendare
1141 1134 1269 1198 noluerit,
1286 1132 1500 1202 apraepositum
1525 1141 1730 1198 removeantur;
1744 1143 1773 1189 et

140 1240 228 1279 anans
237 1225 284 1279 sit.
983 1228 1030 1296 qui
1041 1227 1115 1297 digni
1128 1234 1201 1292 sunt,
1218 1227 1246 1281 in
1259 1224 1318 1280 loca
1330 1238 1424 1280 eornm
1438 1224 1628 1293 subrogentur.

180 1315 206 1371 9.
221 1312 257 1370 Ut
267 1328 347 1375 nsum
359 1314 387 1372 in
400 1315 499 1386 placito
513 1329 563 1387 pro
573 1315 626 1371 alio
640 1315 778 1370 rationare
792 1330 870 1371 usum
885 1315 933 1369 ba·
1020 1315 1063 1371 ll.
1072 1316 1241 1386 Utepiscopi,
1250 1312 1614 1383 abbatesadqucabbatissoe
1621 1312 1772 1383 comiteque

141 1404 206 1461 beat
214 1402 398 1461 defensionem
408 1405 519 1461 alterins
529 1406 636 1470 iniuste,
646 1406 703 1460 sive
713 1419 762 1474 pro
771 1404 934 1475 cupiditate⁸
985 1406 1278 1462 unanimes¹¹invieem
1288 1406 1352 1471 sint,
1361 1404 1561 1461 consentientes
1571 1402 1657 1474 legem
1667 1404 1775 1459 adludi·

142 1496 248 1568 aliqua,
264 1498 354 1553 minus
364 1497 501 1555 rationare
513 1497 630 1562 valente,
644 1497 686 1553 vel
699 1512 749 1566 pro
766 1497 874 1567 ingenio
891 1512 936 1552 ra-
984 1498 1056 1554 eiun
1070 1498 1171 1552 iustum
1184 1496 1381 1552 terminandum
1391 1510 1453 1551 cum
1464 1494 1536 1550 omni
1547 1494 1661 1549 caritate
1671 1502 1699 1550 et
1709 1509 1775 1550 eon·

144 1588 228 1645 umis
248 1603 315 1645 snae
337 1588 437 1644 iustum
461 1588 589 1644 iudicium
603 1588 733 1654 marrire,
748 1587 790 1642 vel
804 1588 936 1643 rationem
984 1591 1168 1661 cordiapacis,
1181 1591 1464 1647 etutbdelitervivant
1477 1592 1625 1663 secundom
1637 1590 1775 1645 volontate

143 1692 221 1733 suam
236 1676 328 1732 minus
340 1676 445 1732 valente
466 1677 635 1747 opprimendi
649 1677 749 1733 studio.
772 1677 826 1732 Sed
852 1693 936 1733 unus·
986 1683 1079 1745 lleiut
1088 1696 1196 1752 semper
1205 1683 1305 1752 ubique
1313 1690 1341 1738 et
1350 1681 1641 1752 propterillosetinter
1650 1680 1710 1736 illos
1721 1681 1776 1735 ius·

145 1768 260 1838 quisque
271 1783 322 1837 pro
335 1783 478 1831 suaeausa
488 1767 530 1823 vel
540 1784 650 1824 censum
672 1767 713 1822 vel
727 1768 816 1825 debito
831 1769 935 1826 ratione
950 1749 973 1811 Β
986 1779 1042 1827 ιιιιιι
1051 1773 1180 1828 iudicium
1190 1773 1281 1842 ibique
1298 1772 1487 1841 perliciantu1;
1506 1783 1648 1840 pauperes,
1668 1769 1776 1834 viduae,

145 1860 250 1923 reddat,
265 1859 319 1927 nisi
328 1858 425 1928 aliquis
439 1859 484 1915 isti
494 1859 617 1915 intirmus
627 1868 675 1915 aut
685 1860 805 1916 rationes
817 1861 934 1926 nescius,
985 1862 1109 1932 orpbani,
1126 1867 1154 1917 et
1175 1862 1313 1933 peregrini
1326 1861 1538 1917 consolationem
1551 1857 1776 1929 adquedelensio-

146 1964 195 2021 pro
204 1950 305 2020 quibus
318 1950 393 2005 missi
408 1949 449 2004 vel
460 1951 564 2020 priores
578 1950 624 2020 qui
638 1951 665 2005 in
679 1952 738 2021 ipso
750 1951 850 2021 placito
862 1958 935 2018 sunl,
986 1965 1048 2006 nem
1060 1951 1082 1983 ⁸¹
1094 1951 1147 2006 bab
1158 1950 1320 2014 eishabent;
1336 1958 1366 2004 ut
1379 1958 1407 2005 et
1417 1963 1467 2003 nos
1478 1962 1527 2017 per
1538 1962 1632 2002 eorum
1646 1948 1717 2002 bona
1731 1962 1777 2002 vo·

148 2040 278 2097 veliudex
291 2040 337 2109 qui
350 2055 430 2095 causa
451 2040 532 2096 buius
551 2041 664 2097 rationis
686 2041 765 2108 sciat,
789 2042 939 2098 rationetur
986 2042 1115 2098 luntatem
1123 2042 1210 2113 magis
1217 2042 1367 2111 praemium
1378 2040 1449 2096 vitae
1457 2047 1583 2095 aeternae
1590 2052 1669 2109 qnam
1677 2039 1778 2109 suppli·

149 2146 195 2187 con
208 2129 331 2201 placito;
350 2129 393 2185 vel
409 2130 432 2184 si
445 2132 592 2187 necessitas
606 2132 653 2197 sit,
666 2131 728 2187 talis
739 2144 871 2200 personae
884 2131 938 2187 lar·
985 2135 1059 2190 cium
1072 2149 1235 2190 mereamur.

149 2221 217 2290 gitur
236 2228 267 2276 ιιι
290 2220 301 2250 ⁶
317 2220 460 2286 rationem,
479 2222 528 2291 qui
547 2223 672 2278 omnibus
688 2223 835 2292 provabilis
857 2223 893 2279 sit
910 2232 937 2278 et
1024 2224 1057 2279 lt
1070 2224 1229 2281 ¹⁸.lbbates
1239 2232 1330 2282 ιιιιιιιι
1342 2231 1370 2280 et
1383 2224 1523 2280 monacbis
1533 2222 1622 2279 omnis
1635 2223 1722 2279 modis
1735 2239 1778 2281 vo

149 2309 190 2380 qui
204 2310 233 2366 in
247 2311 308 2381 ipsa
321 2311 390 2367 bene
401 2313 506 2367 noverit
519 2327 600 2369 causa
620 2327 628 2366 ι
643 2312 715 2383 quod
728 2319 818 2369 tamen
827 2315 938 2372 omnino
987 2313 1077 2370 lomus
1085 2323 1113 2370 et
1123 2316 1314 2385 praecipimus,
1329 2323 1360 2370 ut
1369 2316 1505 2386 episcopis
1519 2316 1577 2370 suis
1588 2316 1663 2371 omni
1674 2317 1778 2372 bumili-

151 2400 191 2455 iat
199 2402 350 2457 mnndum
360 2403 574 2458 convenientiam
585 2404 707 2474 priorum
718 2402 760 2459 vel
769 2404 882 2460 missum
891 2407 937 2473 qui
987 2416 1043 2463 tate
1065 2417 1093 2462 et
1118 2408 1308 2465 bobbedientia
1334 2409 1389 2463 sint
1415 2408 1540 2471 subiecti,
1565 2408 1636 2463 sicut
1649 2410 1779 2465 canonica

151 2498 316 2560 lfflfflssleffl
328 2492 436 2547 adsuffi-
456 2491 534 2560 Qu⁰d
554 2502 581 2548 el
603 2494 767 2550 ⁰m1¹im⁰dl⁸
789 2496 937 2551 secundum
988 2501 1180 2557 constitutione
1193 2501 1313 2556 mandat.
1328 2501 1362 2557 Et
1372 2501 1462 2557 omnis
1474 2500 1589 2556 eclesiae
1603 2501 1690 2570 adque
1700 2501 1778 2575 ¹basi-

154 2577 277 2635 hsslifflm
290 2579 376 2651 ¹⁰8&st
398 2581 460 2648 bat;
478 2583 565 2653 adque
589 2583 755 2652 praemium»
776 2583 937 2649 mercedem,
988 2590 1055 2646 licaa
1069 2592 1096 2645 in
1116 2590 1284 2646 eclesiastica
1308 2590 1465 2647 defensione
1489 2600 1516 2646 et
1535 2598 1700 2661 potestatem
1718 2605 1782 2663 per-

152 2669 187 2724 rel
199 2669 293 2740 aliquo
314 2671 400 2725 malae
414 2671 576 2728 eductionis
589 2671 712 2742 iugenio,
727 2672 769 2727 vel
783 2671 939 2730 defensione
987 2689 1104 2736 maneat.
1119 2679 1154 2735 Et
1166 2682 1199 2737 de
1213 2682 1294 2736 rebus
1306 2681 1363 2751 ipse
1376 2680 1504 2735 basilicae
1518 2696 1598 2735 nemo
1609 2695 1691 2735 susus
1703 2680 1739 2735 sit
1752 2679 1780 2735 in

152 2758 369 2830 ll⁰ll³¹¹ll¹¹i¹³fi⁸r
395 2768 426 2814 ⁰²
448 2760 601 2816 nullalenus
619 2761 723 2816 iusliffll
739 2762 801 2830 (luis
823 2763 939 2818 mutire
987 2770 1120 2827 divisione
1133 2779 1180 2825 aut
1194 2772 1221 2824 in
1234 2780 1308 2826 sorte
1321 2771 1440 2826 mittere.
1454 2770 1490 2827 lit
1500 2770 1573 2840 quod
1591 2770 1673 2825 semel
1687 2768 1781 2824 oileri-

153 2849 310 2916 praevaleat.
325 2849 358 2904 Et
371 2858 401 2904 ιιι
413 2866 492 2907 nemo
505 2850 599 2921 aliquit
615 2852 696 2908 alicui
708 2852 810 2909 iniuste
821 2867 937 2908 consen-
988 2869 1043 2925 tur,
1055 2874 1108 2917 non
1119 2859 1289 2925 revolvatur,
1303 2867 1332 2914 et
1344 2858 1497 2914 sanctillcat
1510 2868 1538 2916 et
1550 2860 1677 2915 vindicet.
1702 2862 1736 2915 Et
1757 2861 1782 2917 sl

152 2939 207 3006 tiat,
220 2940 270 2996 sed
279 2942 354 2996 omni
364 2941 454 2997 studio
463 2951 491 2996 et
511 2942 648 2999 voluntate
660 2955 756 2998 omnes
781 2943 815 2999 ad
836 2943 939 3000 iustitia
988 2959 1078 3007 autam
1093 2950 1172 3005 aliter
1181 2950 1405 3020 praesumpserit,
1417 2950 1603 3019 presolvatur,
1619 2960 1647 3006 et
1659 2952 1781 3008 bannum

149 3031 337 3098 perficiendam
346 3034 499 3102 praeparati
510 3044 583 3089 sunt.
989 3047 1111 3095 nostrum
1117 3048 1261 3110 conponat.
1272 3039 1438 3096 Etmonacbi
1450 3041 1484 3096 ab
1492 3041 1782 3112 episcopoprortnciae

182 3121 337 3179 iiaecenim
350 3123 440 3178 omnia
453 3125 607 3194 supradicta
617 3124 750 3195 imperiali
768 3135 938 3184 sacramento
950 3089 976 3159 c
990 3129 1075 3200 ipsius
1087 3130 1279 3199 corripiantur.
1291 3127 1402 3196 Quodsi
1417 3143 1447 3185 se
1467 3144 1522 3185 non
1536 3131 1688 3197 emendent,
1716 3140 1783 3187 tunc

121 3253 128 3275 .
149 3213 292 3270 oboervari
302 3215 425 3270 debetur.
989 3222 1206 3291 archiepiscopus
1219 3234 1266 3276 eos
1281 3221 1315 3276 ad
1328 3221 1453 3277 sinodum
1467 3229 1606 3277 convocet.
1621 3222 1684 3280 Etsi
1693 3238 1784 3295 neque

183 3305 228 3360 lu.
243 3305 280 3363 tlt
296 3305 430 3377 episcopis
441 3317 468 3363 et
480 3309 648 3380 presbyteris
658 3309 805 3365 secundum
822 3325 940 3367 mnones
989 3312 1241 3368 sicsecorreuerint
1251 3312 1283 3376 ¹⁸,
1294 3319 1359 3368 tunc
1369 3313 1403 3368 ad
1412 3320 1504 3368 nostra
1511 3315 1781 3383 praescntiamsinrnl

141 3392 252 3462 vibant,
267 3402 295 3450 et
305 3396 396 3467 itaque
408 3404 531 3454 caeteros
541 3399 665 3455 doceant.
989 3418 1051 3461 curn
1064 3405 1191 3474 episcopo
1205 3419 1255 3459 suo
1268 3403 1388 3459 veniant.

183 3483 230 3538 ll.
241 3483 279 3541 Ut
289 3485 417 3555 episcopi,
432 3487 553 3555 abbates,
576 3490 664 3559 adque
689 3489 859 3556 abbatissae,
887 3507 940 3562 que
1024 3493 1068 3547 lli.
1082 3493 1120 3548 be
1131 3494 1301 3549 ordinatione
1310 3493 1448 3563 elegenda,
1463 3501 1493 3548 ut
1506 3492 1622 3549 domnus
1634 3494 1782 3565 imperator

132 3576 265 3632 metens
272 3578 387 3647 praelati
402 3588 479 3644 suot,
503 3596 564 3637 curn
587 3597 693 3638 summa
704 3586 877 3641 veneratione
890 3587 941 3642 bac
990 3583 1044 3639 lam
1062 3584 1127 3638 olim
1139 3583 1174 3638 ad
1187 3583 1353 3639 Francorum
1366 3583 1457 3640 banno
1469 3585 1605 3639 concessit
1618 3594 1648 3639 ut
1662 3587 1781 3657 episcopi

131 3662 288 3738 diligentia
303 3667 433 3737 subjectis
443 3671 629 3741 sibipraeesse
639 3674 650 3706 ³
660 3675 776 3741 studeat,
787 3685 941 3746 nonpoten·
990 3676 1143 3743 abbatibus,
1158 3677 1197 3731 ita
1210 3677 1292 3732 etiarn
1312 3693 1384 3733 nunc
1402 3683 1431 3732 et
1447 3676 1581 3744 llrmavit3
1596 3694 1629 3734 eo
1643 3686 1733 3734 tamen
1749 3681 1783 3733 ti-

131 3754 204 3810 uva
217 3755 430 3816 dominationem
453 3759 495 3817 vel
515 3763 657 3832 tyrannide
668 3764 721 3821 sibi
735 3766 871 3823 subiectos
882 3781 942 3837 pre·
990 3781 1066 3833 nore,
1080 3776 1110 3820 nt
1124 3781 1210 3836 neque
1223 3767 1365 3837 episcopus
1377 3781 1464 3835 neque
1477 3767 1561 3822 abbas
1575 3766 1603 3821 in
1618 3769 1784 3825 monasterio

131 3850 236 3912 Ειιιιι,
251 3847 299 3902 sed
313 3847 427 3919 simplici
441 3849 609 3908 ‹blectionem
627 3869 689 3909 cum
710 3859 941 3914 mansuetudinem
990 3855 1101 3911 viliores
1121 3857 1228 3912 meliori
1247 3858 1308 3929 plus
1328 3857 1434 3928 diligit,
1459 3865 1488 3911 et
1509 3871 1571 3910 curn
1592 3857 1644 3912 sibi
1671 3867 1783 3928 propter

131 3940 177 3989 et
189 3936 344 4004 caritatem,
369 3937 411 3993 vel
423 3941 553 4010 exemplis
572 3943 704 3999 bonorum
720 3959 843 4015 operum,
867 3963 941 4004 com·
990 3949 1252 4018 consanguinitatem
1271 3964 1348 4004 suam
1361 3949 1403 4005 vel
1418 3949 1509 4019 aliqua
1526 3949 1707 4004 adolationem
1721 3965 1785 4005 me-

132 4023 233 4080 missa
248 4025 301 4080 sibi
314 4041 394 4097 grege
408 4028 521 4086 sollicite
531 4033 695 4088 custodiant.
991 4040 1104 4096 lioribus
1117 4041 1174 4096 suis
1183 4039 1320 4110 praeferre
1341 4039 1459 4107 studeat,
1473 4040 1594 4095 attalem
1614 4040 1692 4095 nobis
1714 4041 1789 4098 duce

185 4113 230 4169 {2
246 4114 283 4171 Ut
294 4116 390 4173 abbate
403 4119 449 4174 ubi
457 4122 563 4176 monaci
576 4123 763 4194 suntpleniter
772 4142 833 4182 cum
845 4143 941 4183 mona·
991 4130 1179 4198 ordinandum,
1204 4146 1267 4187 cum
1288 4132 1428 4187 meliorem
1448 4145 1482 4186 eo
1501 4130 1582 4185 babet
1594 4129 1732 4188 occultato
1755 4138 1787 4186 et

133 4206 208 4264 tuis
221 4211 368 4266 mundum
383 4213 475 4284 regula
488 4215 598 4282 vibant,
622 4218 708 4287 adque
729 4221 865 4276 canonis·
882 4223 943 4277 dili·
991 4237 1142 4293 oppressu:
1174 4223 1247 4294 qnod
1276 4238 1445 4294 nequaquam
1466 4219 1524 4278 lieri
1549 4222 1694 4290 volumus,
1720 4224 1784 4292 qnia

135 4306 248 4367 muter
276 4301 382 4356 discant
405 4311 433 4358 ct
457 4304 612 4362 observent.
636 4306 768 4364 Similiter
789 4310 942 4368 abbatissae
991 4316 1088 4372 inrisio
1100 4315 1160 4369 ¹‘et
1170 4313 1275 4369 delusio
1291 4323 1383 4370 nostra
1397 4314 1449 4369 boc
1463 4312 1522 4368 lieri
1534 4312 1649 4367 ridetur.
1662 4312 1709 4368 Set
1722 4314 1785 4371 talis

135 4382 263 4446 smmi·
955 4408 1020 4507 1,in
1033 4405 1206 4462 monasteriis
1228 4404 1384 4461 nutriantur
1404 4404 1439 4459 ad
1451 4403 1632 4459 ordinandum
1644 4402 1675 4471 ¹⁶,
1691 4404 1717 4458 in
1730 4420 1785 4475 quo
1831 4456 1837 4467 ,

182 4501 230 4559 15.
250 4501 287 4560 lit
299 4503 426 4575 episcopi,
450 4507 570 4574 abbates,
586 4511 672 4579 adque
692 4512 845 4569 apparuisse
860 4515 943 4571 advo·
993 4506 1021 4557 et
1034 4500 1113 4555 nobis
1124 4506 1151 4553 et
1165 4512 1270 4555 merces
1288 4505 1317 4554 et
1329 4496 1467 4569 proiectus
1487 4498 1627 4553 adcrescat
1648 4512 1785 4553 commen-

142 4604 226 4651 utos
238 4594 326 4665 adque
338 4597 499 4666 vicedomini
514 4603 737 4672 centenariosque
754 4604 839 4675 legem
850 4609 941 4663 scien·
994 4589 1134 4647 (limium
1147 4589 1213 4644 ⁸⁰5⁵·

144 4686 200 4749 les,
211 4691 240 4738 et
249 4683 381 4740 iustitiam
392 4686 542 4758 diligentes,
552 4690 732 4762 pacificosque
744 4703 771 4749 et
784 4707 942 4755 mansuetus
1029 4683 1073 4737 Π·
1093 4682 1216 4738 3¹⁰¹¹²⁰¹¹5
1231 4687 1326 4735 lm
1337 4687 1368 4734 ¹¹¹
1382 4679 1497 4736 “immi
1514 4696 1546 4737 *θ
1557 4680 1666 4738 swillet
1689 4696 1786 4737 ΜΩ·

145 4765 279 4838 babeant,
289 4774 406 4842 qualiter
427 4792 476 4846 per
489 4778 604 4850 illosque
616 4790 725 4837 sanem
738 4783 788 4838 neq
811 4786 942 4844 ecclesiae
994 4775 1058 4832 dnm
1080 4772 1173 4844 regula
1194 4772 1304 4837 vivant,
1326 4772 1389 4841 quia
1414 4771 1559 4843 displicere
1583 4772 1639 4828 beo
1662 4771 1786 4826 novimus

148 4862 236 4933 magis
247 4861 420 4932 prolectum’
436 4866 478 4920 vel
492 4884 596 4925 merces
609 4872 765 4940 adorassem
780 4874 844 4943 quia
855 4876 943 4931 nuga.
994 4867 1116 4937 quisquis
1139 4867 1169 4921 in
1190 4878 1239 4921 sua
1251 4863 1389 4919 voluntate
1412 4864 1517 4934 tepidus
1531 4871 1585 4928 est,
1605 4870 1722 4918 testante
1740 4860 1787 4914 lo·-

149 4954 229 5007 lwtts
237 4967 325 5022 neque
336 4957 506 5025 praepositos
518 4974 606 5029 neque
631 4962 776 5020 advocatos
794 4965 940 5023 damnosus
992 4957 1081 5013 banne
1093 4957 1121 5012 in
1135 4954 1307 5028 apocalypsin
1320 4954 1559 5030 adtincm'culidus
1571 4969 1639 5008 esses
1650 4962 1695 5005 oct
1708 4951 1787 5022 frigi-

152 5054 179 5100 et
191 5048 305 5118 cupidus
313 5048 341 5103 ln
355 5052 519 5107 monasteria
533 5051 636 5109 babere
659 5054 798 5122 volumus,
813 5072 828 5111 a
842 5058 941 5127 quibus
991 5050 1042 5104 4¹⁸⁸
1053 5066 1062 5104 ··
1074 5049 1120 5103 ted
1132 5049 1194 5120 4⁸5⁰
1215 5047 1317 5118 lepidst
1335 5063 1373 5111 et,
1389 5047 1505 5116 implsu
1522 5056 1546 5101 te
1558 5058 1671 5098 evomere
1695 5058 1727 5096 ex
1738 5058 1786 5102 ora

153 5137 236 5208 nagia
258 5153 309 5195 nos
331 5138 497 5209 blasphemia
508 5141 551 5197 vel
565 5141 727 5198 detrimenta
737 5145 870 5200 oriantur.
886 5145 941 5202 Sed
991 5156 1060 5196 ereo.
1082 5139 1213 5196 &colare
1234 5139 1290 5194 sibi
1312 5136 1508 5210 neglegentiam
1530 5133 1684 5189 nullatenus
1705 5147 1786 5187 usur-

156 5225 441 5299 ausemr,quateeos
453 5232 635 5289 emmuicavel
643 5234 939 5307 regrdarisinstitutio⁸
990 5240 1065 5305 pent.
1085 5231 1163 5287 Foris
1173 5231 1340 5285 monasterio
1359 5242 1527 5297 nequaquam
1540 5224 1729 5296 progrediendi
1750 5225 1784 5280 li-

156 5314 208 5373 leri
216 5319 304 5388 iubet,
316 5319 448 5377 voluntati
460 5321 510 5378 uei
518 5323 642 5382 subditos
657 5324 680 5390 ⁹,
696 5331 724 5382 et
739 5325 774 5381 ad
785 5340 881 5381 omues
899 5326 940 5380 in·
991 5325 1108 5382 centiam
1121 5323 1248 5388 babeant,
1259 5319 1313 5375 nisi
1325 5320 1442 5374 aramma
1452 5325 1566 5388 cogente
1578 5316 1782 5373 necessitatem:

756 5433 952 5492 vnutauvss
969 5430 1172 5492 mulotes,

185 5563 396 5638 ¹propinquatis
410 5583 433 5621 c.
470 5565 610 5623 ¹stricare
629 5583 654 5621 c.
690 5567 860 5623 ’caditatec
898 5567 973 5624 *adl
1010 5566 1193 5636 'precemec
1230 5561 1428 5631 ‘canomcise
1459 5563 1643 5634 'praereptum
1657 5580 1679 5617 c.
1718 5564 1787 5622 ⁸in·

154 5633 255 5692 irritus.
286 5636 358 5693 ’dei
373 5676 381 5690 .
396 5636 553 5693 subditosc.
592 5635 613 5667 ¹·
627 5637 773 5692 unanime.
811 5638 832 5670 ¹⁸
849 5653 877 5692 n.
890 5637 1025 5708 aliquibus
1042 5636 1120 5691 malis
1139 5633 1233 5690 novis?
1246 5632 1366 5713 li5locm
1379 5643 1525 5704 corruptos.
1569 5637 1589 5666 ¹¹
1604 5632 1787 5692 deconlessio·

154 5718 250 5762 nemc.
288 5706 310 5740 ¹⁸
323 5716 400 5771 rapat
411 5723 471 5762 cum
483 5707 608 5762 anteriori
621 5707 739 5763 coiceret
751 5708 780 5764 iu
791 5723 816 5764 c.
860 5706 1214 5765 ”sicconsurreaeriuna
1251 5703 1432 5775 “inrisiorc¹
1463 5703 1783 5763 “italiatomnduma
