3826 6112
87 265 142 323 itit
451 255 574 322 Lubbx
594 265 857 323 ttssittotttitt'tts
874 295 908 304 —·
926 265 1165 323 coenulenta.
1184 301 1218 310 -
1237 270 1287 328 dn.
1308 271 1371 329 782.
1520 322 1532 360 t
1670 276 1721 334 lbi

88 379 131 436 tel
143 377 303 434 diaconibus
313 389 395 432 canes
408 378 442 431 ad
456 379 608 433 venandum
621 380 661 434 vel
676 379 820 448 accipitres
832 379 881 433 ba·
895 383 919 441 Α
932 381 1067 448 presbiter
1088 397 1117 436 se
1130 383 1272 447 abstineat,
1295 397 1381 438 unum
1392 352 1533 450 amenus,
1546 398 1578 440 ac
1598 400 1723 446 contutu-

88 469 154 525 berc
167 465 334 521 conticeat:
350 466 373 519 si
386 467 528 535 episeopus
546 468 596 521 bec
608 469 811 537 presumpserit,
828 468 879 522 tri·
934 471 1041 526 nionem
1056 479 1084 526 et
1094 469 1181 527 officio
1196 481 1293 528 cesset.

88 557 141 613 bru
168 554 308 610 mensibus
327 569 343 607 a
366 555 575 612 ¹oommoaione
597 557 754 626 suspendat,
777 558 883 615 duabus
932 625 938 634 ⁴

126 736 211 793 ‘m
712 667 906 724 tentantes
923 666 1125 724 Lectiones.

239 947 380 1010 enaim
397 947 515 1011 nocis
530 947 780 1011 cantamina
795 946 1142 1008 cancootnotcmr
1161 948 1235 1026 (ιη.
1253 945 1324 1020 aas,
1341 925 1419 1008 aare
1439 951 1587 1030 rasoria).

737 1078 1090 1092 -n—n——u——n—

126 1139 273 1208 Postquam
295 1138 434 1209 lippinus,
456 1140 590 1195 secundus
604 1139 692 1198 Caroli
706 1158 738 1196 ex
760 1141 920 1212 lIildegarde
934 1142 1012 1204 silius,
1032 1139 1141 1196 anilii
1159 1137 1397 1208 Langobardorum
1411 1136 1639 1216 reslconstitutus
1658 1149 1727 1198 erat.

89 1209 165 1280 leges
177 1210 219 1264 vel
234 1224 250 1263 a
266 1208 363 1264 Garolo
381 1210 516 1264 absentet
537 1224 569 1264 ex
581 1211 688 1279 placitis
700 1213 757 1268 suis
769 1213 797 1267 in
811 1213 924 1267 Francia
945 1211 1045 1267 babilis
1059 1212 1114 1266 filio
1127 1209 1293 1264 transmissae
1309 1209 1323 1248 b
1341 1206 1382 1261 vel
1396 1205 1442 1259 lilii
1452 1221 1531 1274 Jussn
1543 1222 1558 1259 a
1572 1211 1730 1276 proceribus

90 1279 205 1335 Francis
227 1278 465 1349 Langobardisque
477 1280 504 1335 in
524 1280 598 1335 ltalia
616 1282 704 1346 editse,
728 1282 833 1352 Pippini
850 1285 921 1354 regis
934 1283 1043 1338 nomine
1057 1291 1083 1336 et
1106 1279 1267 1334 auctoritate
1289 1276 1465 1358 promulgate
1486 1285 1559 1330 stant.
1584 1277 1666 1346 Citius
1690 1281 1729 1336 rei

91 1350 216 1420 exempla
229 1365 292 1404 eum
312 1350 365 1404 buc
382 1364 468 1430 usqne
483 1364 567 1418 panea
585 1359 689 1405 tantum
711 1361 773 1407 nota
794 1362 895 1417 essent,
937 1352 995 1406 lura
1012 1368 1045 1406 et
1064 1351 1208 1405 (lodicibus
1228 1348 1424 1417 antiquissimis
1436 1347 1463 1399 in
1480 1348 1655 1415 sequentibus
1666 1358 1730 1405 sunt

90 1420 276 1490 proponenda,
292 1419 362 1474 unde
374 1419 532 1488 capitularia
549 1418 637 1476 Caroli
648 1423 782 1502 gesseratis
794 1431 821 1478 et
841 1423 869 1477 in
880 1368 955 1478 balla
972 1423 1026 1475 sim
1042 1422 1108 1503 legis
1118 1419 1268 1475 obtinuisse
1280 1418 1391 1487 patebit.

127 1489 251 1544 Primum
269 1488 416 1557 capitulare
436 1489 486 1542 sub
498 1490 607 1544 nomine
627 1489 732 1572 Prppiai
749 1492 851 1547 editum
866 1508 937 1547 anno
949 1491 1002 1546 782
1023 1490 1214 1560 assignandum
1235 1488 1336 1558 putari,
1351 1502 1412 1541 eunt
1427 1500 1487 1555 quac
1501 1486 1565 1541 illud
1582 1488 1730 1558 excipiunt,

93 1560 166 1614 baud
188 1567 251 1614 ante
269 1574 369 1612 anuum
390 1558 443 1612 785
479 1559 565 1613 mmnl
585 1567 628 1613 ata
648 1570 710 1624 sint,
727 1577 778 1616 nec
800 1577 870 1618 anno
892 1562 940 1615 181
956 1561 1071 1616 adscribi
1086 1560 1179 1630 possit,
1200 1574 1261 1613 carm
1282 1558 1437 1627 pauloantc
1456 1556 1554 1625 paseba
1569 1557 1681 1624 editum,
1704 1569 1732 1615 ut

93 1628 225 1711 Pippinus
237 1629 264 1682 in
277 1628 347 1684 sesto
360 1573 480 1697 pascuali
494 1630 557 1683 anui
567 1576 619 1684 §lli
634 1630 726 1686 llomm
746 1631 772 1686 ia
787 1648 878 1702 regem
898 1631 1136 1701 Langobardomm
1149 1637 1325 1684 consecratus
1338 1628 1383 1682 sit.
1403 1625 1496 1680 Prodit
1511 1627 1554 1680 bic
1571 1630 1733 1684 auctoritato

93 1699 219 1756 codicum
233 1699 246 1752 1
260 1698 391 1761 chisiani,
406 1696 575 1763 teatensis,
588 1707 615 1755 et
626 1699 755 1756 Codicum
772 1704 870 1771 quibus
883 1701 955 1770 leges
967 1701 1203 1757 Laurobaruomm
1220 1699 1392 1760 cisinianum,
1406 1709 1417 1733 ⁰
1430 1697 1613 1760 Ambrosiani,
1625 1697 1728 1754 Ficum

94 1769 154 1833 tini,
167 1768 356 1831 bonomensis,
374 1768 597 1843 Viqdoboocnsis,
612 1770 786 1837 Veronensis,
805 1773 928 1827 Estcnsis
938 1770 1007 1840 apud
1025 1742 1217 1835 ¹liciatorium
1232 1784 1346 1838 qnorum
1368 1767 1439 1821 inter
1450 1782 1479 1822 sc
1493 1766 1645 1833 collatione,
1661 1769 1733 1825 solos

93 1837 254 1894 chisianum
267 1846 295 1893 et
305 1837 454 1893 Cauensem
469 1838 537 1909 legis
551 1840 635 1908 ipsius
652 1848 755 1896 textum
768 1841 878 1908 referre,
894 1843 1014 1910 reliquos
1032 1856 1096 1897 vero
1106 1839 1218 1896 Codices
1233 1847 1337 1893 textum
1350 1852 1408 1891 aeuo
1428 1836 1579 1900 posteriore
1609 1838 1731 1898 iausum

92 1907 349 1979 iurisconsultorum
363 1919 548 1978 comparatum
564 1911 661 1967 sistere
677 1912 879 1967 evidentissime
888 1913 1056 1982 probabitur.

129 2021 160 2075 1ιι
182 2019 291 2075 nomine
311 2018 418 2074 Domini
432 2017 519 2075 nostri
539 2017 598 2074 lesu
617 2019 730 2075 Christi.
744 2020 866 2088 Qtraliter
879 2021 887 2052 ¹
905 2024 928 2083 B
943 2027 984 2074 ter
998 2017 1108 2082 iaciant,
1120 2018 1190 2073 sient
1205 2016 1315 2086 antiqua
1328 2013 1378 2069 luit
1392 2014 1571 2082 consuetudo,
1584 2023 1611 2072 et
1624 2031 1677 2074 non
1688 2032 1732 2075 an

95 2113 260 2184 complacuit
273 2111 372 2169 nobis¹
386 2110 501 2180 Pippino
514 2111 740 2169 excellentissimo
761 2113 817 2182 regi
831 2127 892 2182 gen·
943 2119 1087 2180 teponatnr
1098 2110 1241 2173 emunitas,
1257 2123 1307 2163 nec
1317 2122 1366 2176 pro
1380 2106 1430 2161 bae
1442 2122 1472 2161 re
1485 2104 1538 2161 ulla
1553 2107 1660 2165 occasio
1671 2123 1728 2180 pro

95 2207 131 2262 tis
141 2206 391 2274 Langobardomm
402 2219 465 2260 eum
478 2202 489 2234 ¹
503 2203 628 2259 adessent
641 2205 782 2262 nobiseum
799 2206 891 2276 singu·
942 2205 1042 2259 teniat.

95 2297 129 2352 iis
143 2295 278 2367 episcopis
290 2295 433 2351 abbatibus
447 2303 474 2350 et
485 2295 631 2351 comitibus
645 2310 692 2351 scu
704 2304 731 2351 et
743 2296 839 2366 reliqui
858 2295 891 2351 11-
977 2295 1003 2350 5.
1024 2295 1059 2351 Ut
1074 2294 1169 2350 uiduae
1183 2300 1211 2348 et
1223 2290 1310 2346 orlani
1323 2299 1438 2346 tutorem
1455 2290 1571 2345 babeant
1585 2290 1659 2347 iuxta
1674 2290 1735 2352 illo.-

95 2388 170 2445 deles
181 2394 290 2442 nostros
300 2386 420 2442 Francos
429 2394 457 2441 ct
467 2386 659 2455 Langobardos
670 2385 736 2456 ‘qui
750 2386 891 2444 nobiscnm
943 2401 1002 2441 rum
1014 2386 1101 2455 legem
1116 2385 1161 2455 qni
1174 2384 1234 2439 illos
1245 2382 1385 2438 defensent
1396 2390 1423 2435 ct
1434 2381 1573 2446 adiuvent,
1585 2390 1612 2436 et
1622 2398 1671 2453 per
1681 2399 1735 2439 ma·

93 2484 170 2543 suut,
186 2474 229 2531 rel
241 2476 269 2530 in
282 2475 358 2530 ltalia
367 2476 599 2531 commorantibus
611 2476 632 2529 ⁸.
942 2476 1028 2533 lorum
1053 2475 1191 2531 bominum
1214 2473 1402 2544 oppressiones
1425 2488 1501 2527 snam
1524 2471 1657 2528 iustitiam
1680 2488 1735 2532 noo

131 2567 200 2638 llap.
222 2567 249 2625 l.
269 2566 307 2623 tn
347 2566 477 2622 ecclesias
496 2567 673 2637 baptismales
694 2583 743 2624 seu
767 2570 892 2626 oraculas
941 2569 1064 2638 perdant.
1086 2568 1120 2622 Et
1135 2568 1157 2622 si
1179 2575 1253 2621 tutor
1267 2568 1287 2597 ”
1301 2564 1398 2635 aliquis
1410 2564 1516 2621 illorum
1529 2581 1588 2622 esse
1602 2565 1733 2630 noluerit,

94 2662 142 2731 qui
165 2675 214 2715 eas
236 2674 252 2712 a
272 2658 352 2729 longo
370 2665 491 2728 tempore
511 2668 734 2716 restauraverunt
757 2676 820 2717 mox
844 2663 893 2719 ite·
942 2660 1022 2715 iudex
1036 2658 1193 2729 praesideat
1206 2659 1289 2713 beura
1303 2658 1441 2712 timentem
1464 2658 1686 2716 bomincmiuata
1705 2669 1731 2716 ιιι

94 2768 157 2810 rum
175 2762 330 2808 restaurare
350 2751 474 2816 debeant,
497 2760 594 2807 ettam
616 2754 701 2809 curtis
715 2754 789 2826 regia
810 2770 891 2826 qnam
942 2750 985 2805 lex
998 2750 1118 2820 ipsomm
1129 2757 1179 2813 est,
1195 2750 1240 2818 qni
1251 2763 1300 2819 pcr
1313 2758 1405 2804 nostra
1420 2752 1610 2821 praeceptione
1628 2750 1736 2810 tuorna

94 2854 125 2901 et
150 2845 343 2913 Langobardos
369 2843 450 2899 talem
468 2844 535 2900 inibi
554 2845 670 2901 habeant
690 2847 889 2914 dominatione,
940 2855 1070 2911 peragere
1082 2840 1199 2895 debeant
1211 2855 1292 2894 causa
1305 2837 1336 2892 ¹¹·

94 2934 203 3006 qualem
218 2934 326 2990 iilomm
339 2949 354 2988 a
368 2934 449 3003 longo
462 2942 584 3004 tempore
596 2934 648 2990 luit
658 2931 835 2995 cousuetudo.
976 2932 1004 2986 d.
1027 2931 1061 2988 Ut
1073 2932 1119 3004 qul
1142 2947 1171 2987 se
1192 2931 1381 2986 reclamaverit
1402 2946 1484 3002 super
1496 2933 1652 3002 pontitieem
1664 2935 1737 3009 quod

130 3024 158 3079 2.
179 3024 216 3081 itt
237 3022 358 3094 pontilex
380 3025 567 3095 unusquisque
594 3024 700 3082 ordinet
720 3036 747 3082 et
768 3028 892 3097 disponat
942 3027 1073 3081 iustitiam
1086 3026 1186 3081 babeat
1200 3025 1233 3080 ad
1248 3024 1448 3095 requirendum,
1460 3026 1557 3098 dirigat
1570 3028 1678 3086 “illum
1690 3045 1738 3089 ca·

95 3116 227 3174 eeclesias
246 3130 311 3172 suas
330 3116 461 3173 canonico
478 3117 581 3183 ordine,
603 3128 632 3174 et
652 3121 807 3178 sacerdotes
828 3138 892 3178 suos
941 3117 994 3172 mis
1008 3125 1054 3171 aut
1065 3132 1113 3186 per
1127 3117 1240 3171 missum
1252 3123 1388 3170 suumaut
1401 3131 1450 3185 per
1461 3117 1603 3186 epistolam
1615 3121 1739 3179 suamad

95 3208 711 3278 retetertooseonstrtngantmoericooraine
732 3213 832 3270 rivere.
858 3214 893 3271 Et
942 3208 1030 3277 ipsum
1053 3206 1218 3276 pontificem.
1240 3206 1274 3261 Et
1289 3206 1311 3261 si
1334 3208 1477 3278 episcopus
1494 3209 1552 3279 ipse
1573 3209 1605 3276 ¹¹,
1616 3209 1739 3270 Francus

95 3299 198 3370 siquis
214 3297 338 3369 pontifex
357 3297 550 3356 elericosmos
569 3301 699 3357 canonice
718 3302 833 3360 vivendo
847 3320 893 3360 or·
942 3310 988 3355 aut
1019 3300 1213 3370 Langobardos
1245 3299 1381 3354 distulerit
1405 3298 1538 3356 iustitiam
1563 3299 1736 3370 laciendum,

95 3390 160 3446 dine
190 3388 353 3458 distringere
374 3388 526 3456 noluerint,
548 3399 576 3446 et
600 3389 634 3446 ari
656 3392 803 3448 secularem
833 3373 928 3463 pepi}
944 3398 1008 3444 tunc
1021 3389 1095 3443 iuxta
1110 3396 1140 3442 ut
1155 3388 1206 3458 ipsi
1218 3389 1335 3459 episcopi
1357 3388 1500 3460 eligerunt,
1514 3391 1559 3447 abi
1571 3380 1748 3450 consuetudi

95 3479 212 3536 traxerit
233 3479 244 3510 ’
270 3477 404 3544 halitum,
431 3479 504 3549 quod
523 3494 642 3536 canones
666 3481 779 3539 ciericos
804 3484 893 3540 lacere
943 3478 1025 3542 luerit
1039 3479 1224 3550 pignerandia
1246 3479 1465 3550 longotemporc,
1480 3489 1510 3535 ut
1531 3490 1559 3537 et
1573 3483 1599 3537 ia
1611 3492 1691 3540 antea
1711 3482 1747 3540 iu·

96 3574 253 3644 probibent,
276 3572 361 3628 comis
384 3571 431 3642 qui
452 3572 480 3626 in
504 3572 563 3630 loco
583 3571 664 3629 luerit
678 3575 828 3640 ordinatus,
851 3577 892 3632 di·
943 3585 976 3625 eo
991 3570 1070 3625 modo
1085 3568 1264 3639 sitproipsas
1277 3569 1395 3625 iustitias
1409 3569 1556 3627 iaciendas.
1578 3571 1612 3626 Et
1622 3573 1673 3630 boc
1685 3583 1741 3630 sta·

96 3666 214 3734 maagal
235 3664 297 3719 illos
317 3664 346 3718 ia
365 3663 492 3720 omnibus
511 3665 545 3721 ad
564 3679 641 3722 suam
654 3675 758 3736 partem
781 3667 850 3723 sicut
864 3676 891 3725 et
944 3661 1055 3727 tuimus,
1081 3662 1244 3745 ubicumque
1264 3660 1385 3734 pontilcx
1408 3664 1587 3719 substantiam
1603 3665 1739 3731 itabuerlt,

96 3758 166 3814 alios
180 3757 350 3813 exercitales.
826 3806 828 3809 ,
943 3754 1103 3809 advocatum
1117 3754 1215 3809 babeat
1228 3754 1255 3808 in
1270 3754 1328 3823 ipso
1341 3754 1481 3818 contituta,
1495 3756 1541 3825 qui
1561 3756 1664 3826 absque
1685 3765 1741 3814 tar·

134 3850 161 3903 δ.
183 3846 345 3903 lionasteria
359 3846 480 3904 uirorum
501 3853 529 3902 et
548 3845 707 3916 puellarum,
722 3824 778 3903 tatd
788 3863 849 3920 qum
864 3849 891 3904 in
943 3845 1026 3901 ditato
1049 3846 1166 3901 iustitias
1179 3844 1260 3900 iaciat
1275 3854 1302 3901 et
1316 3847 1446 3916 suscipiat
1459 3846 1490 3900 ”.
1507 3848 1540 3902 Et
1558 3847 1619 3904 talis
1633 3850 1668 3905 sit
1682 3850 1740 3921 ipso

97 3937 211 3993 muntiro
230 3927 324 4006 pal'atii
340 3951 401 3992 esse
415 3946 564 3994 noscuntur
578 3936 619 3993 vel
640 3938 722 3993 etiam
734 3939 761 3993 in
782 3940 893 3997 mundio
943 3938 1097 4002 advocatus,
1118 3938 1186 3993 liber
1201 3938 1281 3994 bomo
1295 3947 1322 3994 ct
1334 3939 1421 3994 honae
1435 3938 1578 4008 opinionis,
1595 3940 1739 3999 laicusaut

96 4027 252 4098 episcopale
273 4042 321 4082 seu
341 4027 416 4084 etde
435 4028 548 4099 reliquis
568 4029 722 4086 bominibus
742 4045 803 4086 csse
819 4032 892 4088 inre·
945 4030 965 4061 ¹⁷
978 4029 1103 4092 clericus,
1126 4029 1172 4097 qni
1197 4037 1396 4084 sacramentum
1411 4043 1460 4099 pro
1480 4045 1561 4084 eausa
1589 4030 1740 4097 ecclesiae,

97 4119 220 4184 niumm,
246 4117 413 4189 distringat⁸
436 4119 622 4189 unusquisque
643 4121 671 4175 in
686 4122 763 4176 euius
783 4123 893 4179 mundio
944 4138 1025 4193 quam
1035 4122 1178 4192 peregerit,
1202 4122 1334 4177 deducere
1353 4123 1439 4192 possit
1451 4121 1537 4194 [iuxta
1550 4124 1570 4155 ¹⁸
1582 4123 1740 4193 qualitatem

97 4218 171 4274 sunt,
187 4218 219 4265 ιιι
241 4208 401 4278 regulariter
413 4211 505 4264 vitant
516 4209 537 4262 ’.
551 4210 682 4266 Similiter
697 4211 718 4242 ¹⁸
736 4220 763 4266 ct
784 4213 893 4270 sinodo·
944 4212 1133 4284 substantiaei,
1150 4214 1219 4268 sicut
1230 4213 1271 4268 lex
1288 4214 1407 4283 ipsorum
1419 4223 1459 4269 est
1472 4213 1503 4266 ¹⁹.

98 4303 160 4358 cbia
183 4301 328 4357 cuiuslibet
349 4302 414 4357 sint.
436 4300 546 4358 Fratres
560 4303 588 4358 in
608 4305 733 4361 omnibus
746 4315 893 4375 pascantur
961 4306 1741 4378 7.lleunitersaliquidempopulo,quisubiqnc²liustitias

98 4395 175 4450 iuxta
186 4392 294 4449 illorum
308 4391 517 4462 possibilitatem
532 4393 563 4446 ”.
944 4398 1102 4468 quaesierit,
1112 4398 1314 4468 suscipiebam
1325 4399 1741 4469 acomitibussuis‚quametiam

133 4483 162 4538 1.
185 4482 220 4540 Ut
235 4483 268 4538 de
282 4483 479 4539 restauratione
489 4482 665 4540 ecclesiamm
677 4485 721 4541 rel
735 4496 832 4555 pontes
853 4493 892 4542 ta·
945 4489 1118 4553 acastaldiis‚
1132 4505 1180 4544 seu
1193 4490 1228 4543 ab
1241 4488 1427 4544 sculdaissihis
1442 4490 1474 4553 ¹¹,
1489 4489 1530 4544 ret
1544 4489 1594 4545 loci
1612 4491 1707 4560 positis
1718 4491 1741 4523 ”

99 4576 226 4631 cicadam
241 4581 289 4628 aut
303 4583 403 4630 stratas
420 4575 627 4631 restaurandum
640 4577 749 4632 omnino
762 4579 893 4647 gertcrali-
909 4571 1020 4637 Iliuxta
1042 4581 1162 4649 ipsorum
1178 4579 1263 4651 legem
1286 4580 1388 4649 absque
1408 4581 1544 4636 tardimc.
1564 4560 1598 4637 E't
1617 4581 1640 4638 si
1655 4580 1741 4641 comio

716 4668 911 4727 1111111111Εὸ
929 4670 1131 4727 LECTLONES.

136 4759 161 4841 ἰ
184 4759 301 4829 qualiter
313 4755 418 4841 scilicet
434 4760 524 4818 audite
538 4758 613 4814 Flor.
628 4759 917 4842 audllequaliteredrl.
956 4762 1062 4818 ’nticlti
1084 4761 1159 4815 Flor.
1179 4761 1257 4816 Vinii.
1279 4748 1411 4816 Vendst.
1451 4761 1652 4820 ’deestClt.C.
1690 4765 1738 4819 Ἰ.
1817 4791 1822 4798 ·

99 4830 227 4885 addimus
242 4831 438 4900 baeceapnuia
451 4831 483 4885 L.
522 4832 573 4900 ⁸q.
589 4845 618 4884 n.
636 4846 659 4885 s.
674 4845 700 4883 ιι.
715 4846 743 4884 m
756 4831 776 4885 1.
792 4846 816 4886 c.
832 4832 924 4885 desunt
938 4831 970 4886 Α.
985 4831 1016 4885 L.
1032 4832 1075 4885 Fl.
1096 4830 1128 4885 V.
1147 4831 1197 4886 Vn.
1211 4832 1243 4884 F.
1259 4832 1330 4887 ilar.
1369 4833 1424 4886 ⁸N.
1444 4832 1741 4890 anatbcmasit.etilli

98 4897 189 4955 auti.
227 4898 451 4970 'pertransierint
473 4900 503 4955 l'.
518 4900 557 4954 11.
593 4900 822 4970 ⁸stringantnrl.
861 4902 1428 4972 ’vivantCrip.lV.SimuietCooeasisC.
1448 4903 1635 4958 lindetedd.
1674 4903 1743 4956 ¹⁰si·

99 4970 157 5025 mal
172 4969 198 5022 1.
210 4969 239 5023 2.
278 4971 297 5002 ”
312 4986 339 5041 p.
356 4971 374 5024 i.
389 4971 507 5026 locorum
524 4970 581 5053 11.·
604 4971 624 5001 ”
638 4980 713 5026 actor
726 4971 754 5024 11
758 5011 764 5024 .
782 5042 787 5054 Ι
805 4973 825 5003 ”
839 4988 930 5033 carisa,
943 4972 978 5026 ita
990 4981 1079 5053 tamen
1092 4981 1122 5025 ut
1135 4973 1271 5040 legitimus
1287 4975 1453 5045 propinquus
1466 4974 1598 5029 infantum
1613 4973 1657 5054 titii
1671 4973 1742 5029 ioue

99 5049 178 5095 tutor
194 5049 222 5094 et
234 5039 359 5096 delensor
371 5056 463 5095 eorum
485 5055 545 5096 csse
558 5042 663 5096 videtur
675 5056 724 5110 pro
739 5058 747 5094 ι
767 5058 804 5098 sis
818 5043 950 5107 rationem
964 5044 1108 5099 alienando
1121 5042 1297 5112 compellatur
1312 5047 1422 5100 reddere
1442 5044 1488 5097 Va.
1528 5044 1704 5112 “distringat
1717 5045 1740 5106 l,

98 5111 128 5165 2.
171 5110 405 5179 ¹·i.pomitieet.
445 5111 466 5192 ’ᾗ
477 5112 734 5193 s.·d·uosaduocatos
745 5057 850 5193 galaat.
863 5114 896 5167 Et
910 5113 971 5168 talis
992 5059 1020 5166 l).
1062 5113 1504 5170 ''atitnonclcrieusLounda.
1544 5111 1740 5167 ¹*recederent

101 5182 129 5236 1.
170 5179 845 5305 ¹'est3quoad'ifsegustrtiamlactatautnnssus
864 5185 923 5239 eins
946 5184 1090 5253 aliquando
1113 5182 1162 5238 l'a.
1201 5186 1224 5215 ¹⁰
1246 5186 1407 5256 ubicumque
1434 5183 1465 5236 t.
1487 5183 1526 5237 11.
1565 5183 1742 5245 ”ειιι1ι1,ιιΙιίι

99 5251 129 5306 2.
142 5250 271 5323 ,mutuans
287 5249 318 5303 l'.
334 5266 381 5307 scu
393 5254 475 5308 lastis
491 5251 530 5305 11.
542 5253 564 5283 ”
578 5259 739 5323 praepositis
762 5252 800 5306 11.
853 5322 899 5380 ΝΟ
923 5322 956 5379 AE

137 5451 153 5481 ⁸
170 5436 495 5508 Lotamenprtescntc,l
529 5454 559 5494 es
576 5438 820 5508 ejussubnominc
838 5455 899 5510 pro
989 5439 1232 5503 cAmbrosianum,
1263 5438 1469 5502 Londiaeasem,
1507 5441 1686 5496 l'cronertsem
1715 5449 1743 5495 ot

101 5508 418 5579 mulgausesssprobat
430 5511 520 5580 capitu
548 5524 578 5565 rc
588 5510 821 5580 langobardicam
835 5513 899 5567 anni
951 5511 1136 5568 Florentinum
1150 5513 1176 5566 in
1198 5511 1353 5564 uniuersum
1376 5518 1479 5564 tantum
1503 5509 1658 5566 comeditis
1677 5525 1743 5568 con·

101 5578 169 5639 8ttl.
952 5581 1022 5636 ieme
1035 5581 1124 5648 timia
1139 5582 1268 5638 lectiones
1280 5579 1387 5636 Codicis
1399 5579 1616 5637 Vindobonensis
1628 5578 1735 5651 diligen·

138 5648 322 5704 abactam
346 5649 423 5704 sceda
448 5649 537 5703 domni
561 5648 651 5704 Caroli
673 5650 797 5720 positoris
817 5654 902 5707 nostri
953 5653 1057 5708 tissime
1069 5652 1159 5710 eolbtti
1172 5666 1264 5708 certam
1278 5651 1397 5707 omnium
1418 5651 1452 5708 ad
1467 5651 1552 5707 instar
1567 5652 1662 5708 haberi
1683 5663 1732 5723 [ιιι

103 5719 166 5792 ipse
178 5717 307 5790 Pippinus
319 5719 400 5787 dicit;
418 5739 443 5778 r.
456 5720 602 5789 capitulare
616 5718 674 5790 ejus
689 5719 845 5776 secundum.
953 5732 1025 5778 sinu.

252 5811 389 5875 Parnoi.
413 5812 537 5876 XCVli.
1487 5814 1507 5874 ὅ
