3826 6112
77 308 130 364 897
308 306 385 365 COD.
407 307 544 366 bretoil.
564 337 599 353 -
619 307 797 365 tenentem
816 310 1074 368 cartibttltttttt
1095 313 1297 372 subtectio.
1320 317 1397 374 Abit.
1420 318 1464 374 tt.
1646 320 1696 376 tot

75 416 401 488 uinculuminscriptionis
414 418 535 488 arripiat,
550 418 685 474 crutodiat
707 420 861 476 similitudi·
876 424 901 484 Α
914 421 954 474 nis
969 438 1053 491 papae
1068 421 1197 492 Africanis
1212 425 1336 495 epicopis
1357 428 1466 481 directa.
1479 429 1590 483 Causam
1616 430 1697 501 lupi·

74 486 712 556 nem,babitatarncndiguitatisacstirnatione
752 490 861 545 atiatnr.
913 490 967 544 ciui
992 491 1121 559 episcopi,
1142 494 1351 558 ouiasicnoliis
1376 497 1486 564 placuit,
1514 498 1592 552 illie⁸
1618 501 1697 557 iulie-

74 559 131 613 Nec
153 558 203 612 sibi
228 558 286 611 iore
313 560 419 611 noverit
445 558 581 611 licentiam
607 505 775 636 mentiendi,
800 574 861 613 curn
914 575 973 613 mus
986 559 1091 624 audium
1106 560 1149 615 cni
1164 563 1277 616 crinitum
1292 566 1438 632 etsaeptus
1454 568 1600 634 postulanti
1621 584 1698 624 com·

74 627 272 682 calumniantes
292 627 324 681 ad
340 627 483 681 vindictam
509 635 603 696 poscat
626 627 773 684 similando
797 644 861 699 sup·
913 628 1068 683 munionem
1095 632 1146 685 irae
1174 632 1279 686 ratione
1297 633 1469 698 reddidimus,
1495 637 1621 704 quoniam
1636 655 1699 694 cum

41 747 44 751 ,
74 696 158 767 plicii.
913 697 945 751 ad
973 707 1093 754 nostrum
1110 699 1238 754 iudicium
1254 713 1426 767 provocasset
1439 704 1460 768 ⁰,
1486 705 1618 760 immerito
1636 722 1697 762 eum

109 766 155 819 at.
172 765 206 820 tir
219 774 338 820 nemenio
357 764 475 836 episcopa
491 766 500 796 ¹
518 766 595 820 liceat
611 766 742 833 aprettare
755 774 862 835 aposto·
913 767 1045 835 pendente
1060 772 1168 836 negoio
1186 771 1565 828 acorrtmuniouevidebamus
1579 776 1598 805 ¹⁰
1616 774 1698 831 luisse

72 835 152 890 licam
170 834 264 900 sedem,
278 835 301 888 si
315 835 432 889 uoluerit.
455 833 495 888 Ea
515 834 604 890 edictis
625 836 791 907 synodalibus
814 833 860 890 sub
912 851 1083 903 suspensum.
1112 838 1251 893 Adiectum
1277 842 1357 893 etiarn
1385 841 1448 896 illud
1475 850 1525 908 est,
1541 843 1613 912 quod
1638 844 1699 900 huic

74 904 218 959 Theodosio
228 906 380 972 imperatore
398 903 505 958 decretis
518 905 621 972 eiusque
643 905 796 959 anctoritate
817 921 859 958 ro·
912 913 1014 960 terruere
1038 908 1256 977 superordinatus
1281 923 1341 963 esse
1369 911 1549 979 dignoscitur,
1576 913 1697 981 quirion
1724 971 1729 976 ,

72 973 191 1028 ieratis:
208 976 308 1042 quaesi
355 975 376 1026 is
388 975 534 1044 quaesierit,
545 975 573 1028 iu
587 976 639 1028 suis
665 976 775 1029 inueniet
803 975 859 1042 cpi·
912 975 1003 1028 debuit
1018 976 1147 1040 ordinari,
1175 986 1317 1046 aritequanr
1334 978 1479 1046 Lupicinus
1505 982 1532 1035 in
1561 982 1698 1050 praesenti

71 1047 198 1099 sto'arum
216 1043 297 1097 libris.
322 991 482 1104 &laciviam
505 1044 526 1096 si
551 1044 692 1112 episcopus
717 1053 860 1099 aceruatos
913 1045 1015 1112 positus
1045 1044 1260 1099 autconlutatus
1285 1056 1420 1102 antcerte
1442 1049 1582 1106 consessus
1611 1051 1699 1107 iustae

71 1115 247 1182 appellaverit
264 1111 413 1167 ilomanurn
441 1113 615 1183 pontillccnt,
639 1115 665 1168 id
689 1114 859 1169 statuendum
912 1113 995 1181 possit
1031 1115 1169 1169 subiacere
1198 1115 1369 1180 sententine;
1387 1126 1569 1174 utras-‚antem
1598 1120 1696 1184 locum,

71 1183 144 1252 pund
157 1184 214 1252 ipse
228 1183 370 1237 censuerit.
910 1183 1132 1250 qurernadmudurn
1148 1183 1237 1258 disci,
1249 1187 1301 1239 lina
1323 1187 1523 1243 aecclesia-tica
1551 1189 1644 1256 erigit,
1675 1191 1699 1247 is

106 1251 152 1305 att.
174 1252 211 1306 ile
225 1261 343 1305 accusato
357 1251 395 1306 oei
404 1250 545 1307 iudicatoe
563 1253 659 1312 iscurra.
669 1254 690 1307 si
704 1252 798 1306 ionum
811 1269 860 1320 pu·
910 1253 955 1319 qrri
985 1253 1194 1308 consecrabatur
1220 1255 1365 1324 acciperet.
1389 1256 1418 1310 Si
1444 1271 1498 1325 qrra
1517 1259 1538 1289 ¹¹
1553 1273 1618 1312 vero
1645 1259 1697 1313 alia

71 1323 165 1375 tarerit
178 1323 188 1352 ¹
204 1321 296 1374 babere
318 1337 422 1375 causam
434 1331 458 1375 et
469 1323 604 1376 noluerita
632 1320 747 1376 Ronruuo
773 1322 859 1375 audiri
910 1323 1050 1375 emerserit
1063 1336 1153 1385 causa.
1169 1338 1238 1390 qnae
1252 1326 1285 1377 ai
1300 1332 1400 1378 statum
1416 1326 1611 1382 aecclesiarum
1624 1328 1696 1382 etad

70 1391 327 1460 penultimarum
346 1389 518 1457 practicatur,
542 1393 586 1445 red
615 1392 692 1446 iibere
716 1393 763 1445 loc
785 1392 809 1446 ei
834 1401 859 1445 et
910 1391 1081 1444 concordiam
1097 1391 1230 1457 pertineat
1247 1390 1269 1424 ¹¹
1283 1394 1465 1458 sacerdotum,
1482 1397 1537 1451 illic
1563 1397 1598 1451 ob
1614 1396 1693 1451 timo·

70 1464 168 1530 absque
184 1462 236 1514 ulio
255 1460 436 1529 impedimento
453 1458 615 1515 coucedatur.
641 1459 792 1530 Esquilias
816 1477 859 1515 su·
909 1473 966 1512 reru
992 1460 1096 1514 llomini
1121 1460 1254 1530 volumus,
1279 1471 1309 1516 nt
1333 1465 1412 1518 modo
1428 1466 1591 1520 ventilentur
1614 1476 1642 1520 et
1663 1466 1698 1520 de

69 1548 119 1597 pra
144 1530 165 1595 ³,
187 1546 244 1583 cum
269 1528 360 1598 paidos
383 1535 413 1582 ιι·
436 1530 591 1584 sardicense
610 1532 756 1585 concilium.
768 1539 793 1583 et
805 1530 859 1583 alia
909 1529 1092 1597 conponendis
1103 1538 1185 1599 atque
1197 1531 1344 1602 conpositis
1355 1533 1481 1588 comibus
1504 1535 1537 1590 ad
1552 1551 1603 1590 nos
1622 1536 1696 1589 rela-

69 1600 175 1653 decretc
196 1615 324 1654 emortum
339 1607 363 1651 et
384 1607 531 1653 sanctorum
559 1608 662 1669 patrum
689 1598 857 1654 concordant.
910 1597 1193 1666 tiopienarnittatur;
1210 1608 1238 1655 ut
1254 1615 1296 1663 ea,
1312 1617 1380 1666 puae
1396 1603 1696 1659 iuxtaecclesiasticum

71 1667 104 1722 Ut
118 1669 296 1724 accusatnvel
317 1667 434 1723 iudicato
459 1669 485 1722 in
510 1669 598 1737 aliqua
622 1684 704 1724 causa
728 1669 857 1736 episcopo
909 1681 1011 1721 nrorem
1027 1668 1096 1721 iuste
1110 1677 1137 1722 ct
1152 1669 1345 1724 rationabiliter
1373 1671 1472 1726 luerirvt
1497 1672 1617 1738 delinita,
1645 1688 1695 1727 no·

71 1737 154 1792 liceat
167 1739 267 1793 iterare
281 1737 420 1803 iudicium,
431 1746 460 1792 ct
473 1738 495 1791 si
511 1753 620 1795 successe
643 1739 723 1792 luerit
736 1747 781 1791 aut
798 1738 856 1805 ipse
873 1745 963 1823 Beira
977 1751 1085 1806 qnoque
1101 1744 1234 1792 sententia
1250 1740 1421 1795 roborentur.
1438 1739 1476 1794 Er
1492 1742 1533 1796 liis
1547 1743 1618 1797 enim
1635 1757 1692 1810 pos

68 1808 307 1876 volucritatcpue
320 1806 372 1861 ulla
388 1808 544 1862 detentione
559 1821 605 1863 aut
619 1808 783 1876 inpeditione
799 1806 853 1861 iio·
907 1821 999 1863 sumns
1031 1819 1206 1872 euprrrrscere,
1238 1809 1354 1877 qualiter
1389 1810 1423 1866 de
1455 1812 1553 1865 ceteris
1578 1821 1696 1879 apator,

68 1892 178 1931 maurim
190 1876 264 1933 arlico
278 1876 441 1947 pontlilcem.
456 1878 558 1932 Etdum
571 1879 668 1932 iterato
680 1878 777 1931 iudicio
787 1893 854 1946 pon·
906 1876 1022 1942 qualiter
1037 1892 1086 1930 rios
1098 1876 1135 1930 nil
1148 1885 1241 1932 contra
1255 1887 1356 1934 statuta
1370 1882 1502 1936 maiorum
1518 1881 1606 1950 egisse
1620 1882 1696 1950 peni·

68 1947 134 2001 tiles
150 1961 257 2001 causum
270 1962 345 2001 snam
357 1947 421 2016 epit,
437 1962 484 2001 sna
497 1961 549 2002 non
578 1948 698 2017 privetur
719 1946 784 2002 sede
809 1954 856 2001 aut
907 1952 962 1998 teat
978 1945 1010 2000 ¹³.
1257 1977 1261 1989 ·

67 2016 215 2083 dignitate3
230 2017 356 2083 quoniam
371 2019 471 2070 dirdum
489 2033 504 2072 a
519 2019 618 2072 satietis
633 2018 754 2086 patribus
768 2023 855 2069 statu·
940 2012 984 2066 52.
1002 2014 1041 2068 iic
1059 2015 1132 2068 iaicis
1140 2017 1366 2138 praesumentibus
1388 2019 1521 2088 disputare
1548 2020 1580 2073 de
1594 2018 1698 2089 relipio·

69 2096 128 2140 tum
142 2095 194 2152 est,
210 2095 240 2141 ut
249 2087 364 2141 accusati
381 2086 468 2140 nulius
480 2096 592 2156 usurpet
612 2086 703 2142 sedem
723 2085 853 2155 episcopi.
905 2084 976 2137 nest.
991 2083 1033 2138 lis
1047 2085 1138 2139 siuoda
1150 2085 1205 2141 ibus
1220 2089 1323 2141 statuatis
1334 2099 1358 2142 et
1370 2090 1552 2157 imperatorum
1563 2089 1652 2142 edictis
1664 2103 1698 2144 cu

67 2153 188 2210 bruris
207 2172 214 2207 :
236 2156 324 2211 sttui
351 2157 478 2226 episcopo
501 2158 693 2226 episcopatum,
710 2166 854 2224 antopuam
905 2153 972 2209 tidro
994 2152 1036 2208 tt.
1054 2154 1192 2209 Tireodosii
1209 2158 1372 2224 imperatoris
1387 2159 1418 2212 de
1433 2159 1482 2221 iris,
1504 2161 1546 2226 qui
1561 2175 1638 2238 super
1653 2173 1696 2212 re·

66 2225 338 2280 recuderemus
358 2226 576 2296 appareat,nulli
598 2227 745 2280 christiano
770 2223 853 2279 rideri
905 2223 1000 2294 iipione
1036 2226 1202 2278 aorrtenduut.
1241 2226 1390 2296 inperator
1419 2228 1440 2258 ¹⁵
1468 2227 1696 2290 Valentinianus,

67 2294 413 2365 inrepiotest.Etrelipua.
905 2291 1072 2347 Tireodosius
1100 2305 1128 2349 ct
1148 2294 1278 2348 Arcadius
1305 2297 1386 2351 diii.
1414 2313 1466 2351 una
1495 2313 1556 2352 cuni
1584 2298 1697 2352 decreto

102 2383 421 2440 astruamur-usurus
441 2386 619 2440 artitudicatas
641 2388 775 2456 episcopus
802 2384 854 2439 lto-
905 2362 1094 2432 ⁸⁹⁵s⁰⁰9ff¹¹¹¹¹
1116 2363 1432 2447 T³¹i²¹¹⁰¹⁰dif³es0⁰¹9
1480 2366 1601 2447 similist·
1628 2363 1697 2422 Num

66 2456 603 2535 martum1ppellareritpontificem,nulla
623 2456 852 2522 silesiofiat,ue·
904 2434 1073 2533 ‘ssff³³⁵⁰.³d
1100 2434 1235 2530 ΡΠΜΙΨΨ
1256 2434 1425 2516 (Ῐὲὅθῗρῑῃὼ
1468 2437 1628 2535 θ’ζθμῧιοῃθ
1654 2434 1700 2491 “²¹

66 2541 116 2595 w
130 2526 224 2594 ,mmm
239 2526 294 2578 eiu,
305 2526 414 2595 ,mm-u,
426 2526 511 2580 ,edem
520 2527 601 2579 am„
611 2524 666 2579 εἰη,
680 2525 735 2579 pm
750 2523 854 2578 mine,
905 2502 1037 2582 tracta-ndi
1063 2515 1104 2557 vet
1119 2503 1228 2584 'covisrln
1250 2504 1350 2575 aliquid
1376 2506 1514 2560 deserendi
1537 2507 1547 2537 ’
1574 2511 1699 2585 patescat

66 2603 110 2651 tur
128 2595 423 2665 episcopus,umepuam
444 2596 742 2664 eiuscausarcmursip
784 2594 854 2648 ¹sss't
904 2585 1023 2626 ⁰⁰⁰²¹⁵¹⁰·
1043 2570 1081 2653 ,Βῑ
1103 2587 1197 2641 ⁸¹q¹¹¹³
1217 2576 1348 2655 P‘l‘u'ae?
1375 2589 1443 2630 ³⁰⁵⁰
1465 2575 1487 2606 ι’
1511 2589 1588 2655 ssm'
1615 2582 1699 2665 'Q

66 2664 207 2717 mmm
229 2664 333 2718 ium-⁶50·
355 2663 396 2718 gt
418 2666 507 2736 quib„
533 2680 612 2734 ,upra
633 2680 690 2717 cm
712 2665 754 2735 q„-
790 2680 802 2717 ε
829 2671 854 2718 ,3
904 2640 1068 2722 dampnabili
1084 2651 1178 2723 contra
1191 2643 1343 2697 huiusmodi
1359 2644 1445 2724 legem
1458 2644 1618 2712 veniendum
1633 2656 1696 2697 esse

66 2732 150 2787 arsita
176 2743 323 2788 sanctorum
346 2745 450 2805 patrum
467 2747 631 2789 etcunouum
648 2733 657 2763 ⁵
675 2733 776 2788 decreta
791 2750 855 2787 cors·
904 2710 1052 2791 ⁰5⁶¹¹Jd⁸¹¹²
1067 2713 1248 2792 ve'.¹¹'⁵¹⁵²“¹⁰
1273 2721 1346 2792 ”¹9¹⁰
1362 2712 1510 2794 9⁸⁸²¹s⁰f³9
1536 2727 1699 2793 penevefff'

65 2803 317 2869 wnimppacui„
334 2803 570 2859 mmmmm!
591 2804 723 2858 indimus
746 2817 761 2855 a
788 2817 854 2857 con,
908 2788 990 2834 tronis
1017 2778 1138 2846 audetur,
1152 2790 1307 2849 conpetenti
1326 2797 1414 2904 poena
1429 2793 1455 2837 ct
1472 2784 1552 2877 digno
1568 2784 1701 2861 supplicio

68 2872 281 2940 provincialibus
309 2876 335 2926 in
357 2874 445 2943 aliqua
470 2889 552 2930 causa
575 2872 718 2942 episcopus
743 2872 855 2926 licente,
904 2857 1071 2903 coerceatur.
1089 2849 1154 2903 liata
1171 2849 1280 2904 tollat
1297 2850 1323 2903 lo
1337 2891 1344 2903 .
1357 2850 1510 2906 Theodosio
1528 2859 1642 2920 avrpusto
1658 2851 1703 2906 lits

67 2941 191 3010 appellet
203 2951 231 2995 ct
245 2942 324 2997 adeat
344 2943 595 3010 apostolicaesedis
618 2941 782 3010 pontilrcenr,
808 2941 854 3009 oui
905 2926 933 2972 θ’
947 2920 1079 2986 liuiuegiu
1095 2919 1115 2949 ¹⁹
1131 2934 1221 2974 corros.

67 3021 117 3064 aut
130 3024 179 3078 per
193 3026 223 3066 se
237 3021 284 3067 aut
298 3027 347 3084 per
363 3013 476 3069 sicarios
489 3027 553 3067 snos
574 3012 632 3066 cius
647 3011 787 3065 retractari
806 3025 854 3064 ne-

67 3082 173 3147 gotium
189 3091 325 3148 parentet.
347 3080 453 3136 Etdum
481 3083 579 3137 iterato
604 3079 703 3136 iudicio
733 3076 855 3150 pontifex

68 3164 179 3204 calisam
193 3165 269 3205 suain
281 3150 344 3220 agit,
361 3151 449 3207 nullus
462 3152 530 3207 alius
542 3151 569 3204 in
582 3151 639 3206 eius
665 3148 725 3204 loco
739 3158 854 3218 ponatur

69 3227 118 3271 aut
133 3220 273 3274 ordinetur
290 3220 453 3290 episcopus,
467 3220 595 3291 quoriianr
609 3232 773 3288 qusnrquaur
791 3232 856 3272 crivi-

70 3289 281 3356 prorincialrbus
308 3291 441 3361 episcopis
456 3290 574 3346 accusati
589 3303 697 3344 causam
722 3287 857 3358 pontilicis

69 3358 187 3412 serutari
209 3357 298 3424 liceat,
315 3375 368 3415 non
393 3370 482 3415 tarnen
497 3358 610 3414 delinire
624 3358 775 3412 inconsulto
804 3358 857 3410 ilo·

70 3441 153 3482 mano
179 3429 305 3496 pontilice
329 3430 488 3501 permissum
508 3439 559 3494 est,
587 3444 648 3484 curn
675 3429 755 3483 beato
775 3426 856 3482 Petro

70 3496 197 3563 apostolo
218 3513 271 3553 non
286 3500 320 3552 ab
342 3498 405 3564 alio,
423 3515 505 3569 oriam
528 3499 587 3567 ipso
615 3497 730 3551 Domino
756 3497 856 3551 dictum

69 3579 130 3620 0³st
146 3563 324 3638 Quaecumque
340 3570 459 3640 lipaoeris
475 3585 551 3640 super
572 3577 677 3631 ternum,
692 3578 767 3620 eraut
777 3567 858 3637 lipara

69 3649 94 3686 er
116 3636 143 3687 iu
158 3637 258 3704 coetis,·
282 3646 306 3691 et
325 3654 496 3711 quaecamque
522 3637 628 3693 colueris
651 3653 729 3708 super
751 3645 856 3702 terram,

70 3712 146 3757 crum
156 3706 240 3760 solata
253 3717 277 3762 et
288 3709 414 3763 incaelis.

106 3774 151 3828 50.
169 3775 207 3830 lie
232 3779 409 3846 episcoporum
425 3776 598 3848 appellatione
620 3776 655 3830 ad
678 3776 688 3807 ³
713 3774 858 3830 iiomanam
881 3818 886 3825 .

70 3845 215 3910 ecclesiam,
229 3849 347 3915 quociens
362 3851 500 3903 messuras
508 3847 660 3914 exposcerit,
673 3847 713 3900 cui
727 3847 860 3913 episeopo·

70 3930 129 3967 rum
144 3924 169 3968 ct
180 3932 337 3971 sanmarm
349 3933 487 3971 camaram
501 3917 511 3947 ⁸
526 3918 627 3988 nepotis
641 3917 766 3986 sinpulari
780 3915 860 3985 priui-

70 3984 139 4052 iepio
154 4001 171 4037 a
186 3985 302 4055 patribus
317 3997 446 4040 reseruata
460 3994 530 4042 suut.
541 3987 583 4040 lia
593 3986 685 4056 paidos
699 4000 789 4051 supra,
802 4000 861 4038 cum

70 4055 161 4123 picibus
182 4057 292 4109 maxime
310 4066 402 4111 cuncta
416 4073 543 4111 canonum
557 4067 581 4110 et
599 4064 745 4109 sauctorum
758 4063 863 4120 porrum

71 4126 176 4176 decreta
201 4126 348 4179 conanimi.
371 4124 404 4181 Ut
428 4141 522 4181 ornares
544 4125 674 4194 episcopi,
697 4125 744 4192 qui
759 4140 784 4177 nr
798 4125 858 4191 qui·

71 4192 185 4249 busdam
200 4194 366 4263 pravioribus
380 4197 521 4266 pulsantur
544 4198 586 4249 vel
601 4195 777 4250 criminantur
798 4209 861 4247 cavi·

71 4263 120 4327 sis,
142 4265 272 4329 ‹iuuciem
292 4265 508 4332 necessaium,
522 4265 607 4320 libere
621 4263 797 4334 apostolicam
814 4277 861 4331 ap·

71 4333 176 4402 pellent,
187 4333 278 4389 sedern
289 4345 370 4403 atoue
386 4336 420 4390 ad
433 4350 495 4391 eam
507 4335 584 4404 quasi
596 4334 629 4387 ad
641 4341 754 4386 matrem
766 4333 859 4386 coniu-

71 4401 158 4469 giant,
183 4411 213 4457 ut
227 4403 260 4457 ab
275 4418 317 4469 ea,
339 4405 407 4460 sicut
426 4420 532 4474 semper
547 4406 606 4466 luit,
636 4404 679 4472 pie
705 4401 858 4466 fulciantur,

71 4472 251 4528 defendantur
274 4485 301 4527 ct
315 4474 475 4543 liberentur,
489 4475 566 4530 cuius
580 4472 747 4542 dispositioni
764 4487 858 4526 ornnes
872 4457 898 4531 0

71 4543 190 4598 rrraiores
210 4543 220 4573 ⁷
244 4543 439 4599 ecclesiasticas
453 4559 549 4600 causas
567 4553 595 4599 et
618 4543 808 4611 episcoporum
822 4544 859 4596 iu·

71 4610 141 4666 dicia
156 4610 268 4681 antique
287 4616 473 4683 apostolorum
501 4626 649 4682 eorumque
669 4625 857 4666 successorum

72 4690 156 4750 atque
176 4697 310 4738 cacinnum
322 4684 467 4740 auctoritas
481 4685 638 4740 reservarit.
655 4680 789 4748 Quoniam
803 4680 859 4735 cnl-

71 4759 174 4817 pantur
212 4752 343 4822 episcopi,
366 4754 412 4822 qui
433 4754 513 4809 afiter
535 4768 600 4822 erga
625 4751 722 4807 lraues
745 4750 858 4818 egerint,

71 4833 155 4886 qirarn
168 4820 288 4876 eiusdem
307 4822 379 4877 sedis
394 4837 480 4893 papae
503 4824 560 4878 lieri
585 4822 713 4892 placuerit
729 4837 737 4875 2
751 4822 861 4876 carroni-

71 4889 123 4944 bus
150 4893 416 4959 quippeiuiemibus
438 4895 465 4947 in
489 4894 585 4948 talibus
611 4893 712 4960 absque
739 4889 861 4946 Romano

72 4958 111 5012 nil
135 4957 245 5015 decerni
270 4963 462 5031 pontilicenee
488 4965 521 5016 ad
546 4965 678 5035 syuudurn
706 4962 861 5030 episcopum

74 5031 225 5085 convocari
240 5029 349 5098 debere,
365 5043 393 5087 et
407 5032 533 5103 quicquid
552 5048 585 5087 cx
601 5032 642 5087 liis
654 5046 687 5086 co
711 5031 862 5086 inconsulto

70 5110 278 5170 praesumptum
306 5100 399 5170 inerit,
413 5104 516 5158 uiribus
524 5117 628 5158 carere.

109 5168 157 5224 bt.
173 5169 213 5225 De
233 5186 312 5227 causa
332 5171 452 5244 Lapicini
468 5174 591 5245 episcopi.
608 5170 651 5228 Ec
666 5169 775 5240 epistola
796 5168 864 5226 Leo·

940 2986 984 3041 53.
1005 2986 1044 3041 De
1056 2987 1079 3018 ¹⁰
1092 2990 1200 3058 epistola
1215 2987 1236 3041 b
1251 2991 1307 3045 orsis
1330 3006 1413 3062 papae
1427 2990 1462 3042 od
1478 2987 1660 3042 Theodericum
1677 2987 1698 3017 ¹¹

906 3055 960 3110 ciri
974 3073 1005 3127 ep
1016 3072 1119 3126 scopant
1141 3059 1238 3112 directa
1261 3060 1293 3110 ¹¹.
1315 3060 1392 3126 illud,
1404 3059 1474 3128 quod
1489 3058 1567 3112 nobis
1587 3070 1702 3126 propter

869 3116 1094 3195 Cinprobitatem
1121 3129 1288 3195 quorundam
1311 3129 1506 3183 monachorum
1526 3127 1609 3182 verbo
1621 3142 1699 3180 ruian-

907 3196 986 3259 dssti,
1010 3196 1162 3266 specialiter
1181 3199 1379 3266 praedicarunt
1405 3207 1511 3267 patruni
1535 3204 1636 3251 statuta
1655 3197 1701 3250 lir-

907 3275 1012 3320 mantcs
1027 3267 1181 3332 statuimus,
1196 3277 1223 3320 ut
1236 3277 1341 3336 praeter
1357 3267 1463 3320 bonini
1488 3268 1646 3322 sacerdotes
1666 3267 1701 3320 ab

907 3337 1035 3411 cpiscppo
1054 3336 1174 3390 eiusdem
1189 3336 1314 3391 videlicet
1341 3337 1393 3391 loci
1421 3337 1523 3391 electos
1538 3337 1629 3390 trullus
1653 3350 1702 3389 au·

907 3408 970 3460 deat
982 3404 1148 3474 praedicare,
1164 3407 1220 3459 sive
1239 3407 1275 3461 sit
1289 3408 1436 3461 monachus
1450 3407 1507 3462 sive
1521 3406 1627 3469 laicus,
1652 3404 1701 3475 qtti

907 3474 1048 3531 cuiuslibet
1061 3475 1190 3529 scientiae
1204 3475 1227 3505 ¹³
1237 3477 1347 3529 nomine
1359 3476 1498 3544 glorietur.

938 3542 984 3597 bl.
1005 3542 1044 3597 lie
1057 3544 1223 3600 delatoribus.
1249 3544 1292 3599 iia
1306 3546 1416 3600 coucilia
1431 3545 1455 3598 il
1459 3546 1612 3600 elibertano.
1625 3542 1652 3596 [l.
1664 3543 1704 3596 ia·

909 3617 952 3665 tor
965 3615 989 3668 si
1002 3615 1063 3683 quis
1076 3614 1196 3670 extiterit
1223 3615 1319 3679 tidelis,
1334 3624 1362 3670 et
1388 3631 1436 3686 per
1456 3618 1620 3668 delationem
1644 3615 1703 3667 eius

909 3683 1007 3751 aliquis
1028 3684 1109 3742 luerit
1135 3685 1317 3754 praescriptus
1331 3685 1374 3740 rel
1398 3683 1574 3749 interiectus,
1601 3683 1703 3753 placuit

909 3765 971 3806 curn
983 3767 1032 3807 nec
1048 3753 1074 3807 iu
1090 3753 1143 3808 line
1155 3752 1312 3825 “accipere
1326 3755 1556 3810 communionem.
1577 3753 1606 3808 Si
1621 3754 1704 3805 icurnr

909 3835 1113 3889 quoquae-rusa
1139 3820 1311 3888 luerit,intra
1340 3826 1553 3892 quiinquenniom
1579 3823 1704 3888 accipere

910 3892 1012 3957 poterit
1025 3895 1254 3947 communionem.
1270 3891 1298 3946 Si
1319 3892 1504 3947 catecuminus
1530 3891 1631 3955 luerit,
1655 3905 1704 3959 pur

909 3961 1083 4029 quinquennii
1100 3971 1220 4029 tempora
1235 3962 1391 4015 attiniacum·
1407 3961 1440 4013 ad
1457 3962 1629 4029 baptismum.

945 4028 989 4083 55.
1001 4028 1093 4084 Clerici
1107 4040 1267 4084 accusatores
1281 4032 1391 4100 fratrum
1402 4029 1438 4081 ad
1447 4031 1651 4093 cornumuioneru
1664 4042 1702 4079 re·

911 4099 1050 4167 cipiantur,
1063 4116 1115 4154 uon
1131 4102 1175 4164 ¹ud
1189 4104 1295 4153 clerum.
1311 4099 1354 4153 Ea
1379 4102 1486 4153 concilio
1498 4099 1655 4170 Cartupiuis.
1670 4097 1704 4151 tls

911 4168 1031 4237 episcopi
1042 4180 1213 4226 accusatores
1230 4172 1341 4224 l'ratrnns
1354 4172 1604 4231 excommunicetu
1630 4176 1658 4221 ct
1681 4165 1704 4224 st

911 4239 1114 4293 emendaverint
1126 4240 1237 4306 vitium,
1255 4239 1387 4310 recipiant
1409 4255 1456 4294 eos
1482 4236 1516 4292 ad
1534 4237 1704 4294 corrrruuuio-

911 4322 984 4373 nern,
1000 4323 1054 4364 non
1067 4308 1101 4363 ad
1116 4310 1226 4364 clerum.

945 4397 990 4453 56.
1011 4398 1050 4454 De
1064 4400 1226 4470 praesidibus
1239 4403 1279 4456 uel
1293 4402 1384 4457 ceteris
1407 4400 1605 4470 rempublicam
1629 4411 1707 4470 apere

911 4469 1062 4536 uolentibus,
1075 4487 1106 4524 ns
1116 4471 1172 4525 siue
1185 4472 1278 4526 litteris
1287 4472 1400 4542 episcopi
1413 4474 1453 4525 sui
1463 4471 1662 4524 communicent.
1673 4469 1707 4522 its

910 4555 967 4592 cum
982 4551 1073 4595 contra
1085 4540 1250 4609 disciplinam
1264 4543 1364 4612 eperivrt
1377 4543 1415 4606 ¹⁸,
1440 4547 1705 4595 eaeorummtlcentur.

911 4607 1071 4664 lii-coneilio
1085 4609 1245 4666 Arelatense.
1263 4610 1301 4666 lle
1315 4612 1492 4680 praesidibus,
1508 4611 1553 4679 qui
1568 4609 1660 4664 lideles
1673 4607 1708 4661 ad

913 4679 1092 4742 raraesidatum
1107 4681 1263 4748 prosiliunt,
1278 4683 1316 4736 ita
1332 4682 1441 4751 placuit,
1457 4689 1486 4735 ut
1500 4695 1561 4736 cum
1587 4676 1706 4749 promoti

912 4747 1021 4814 luerint,
1037 4748 1142 4804 litteras
1159 4752 1293 4820 accipiant
1308 4751 1522 4820 ecclesiasticas,
1533 4750 1560 4805 id
1578 4758 1621 4804 cst
1631 4763 1709 4803 com·

914 4819 1119 4882 ruuuicatorias;
1137 4821 1174 4873 ita
1203 4830 1303 4886 tamen,
1317 4823 1382 4876 utin
1405 4822 1620 4891 quibuscumque
1639 4819 1707 4872 loeis

913 4890 1054 4958 gesserint,
1067 4891 1101 4945 ab
1114 4891 1242 4959 episcopo
1253 4892 1373 4947 eiusdem
1386 4894 1441 4948 ioci
1451 4907 1515 4946 curo
1531 4891 1584 4942 illis
1597 4896 1708 4956 apator,

915 4968 943 5014 ut
955 4974 1017 5014 cum
1032 4961 1154 5028 ceperint
1163 4968 1258 5016 corrtra
1272 4963 1439 5032 disciplinam
1450 4974 1530 5031 agere
1544 4960 1578 5024 ¹⁶,
1593 4970 1648 5011 turn
1659 4956 1710 5035 de·

914 5043 987 5084 virutn
1002 5045 1016 5083 a
1027 5029 1217 5086 corrnuunione
1230 5032 1419 5086 excludantur.
1429 5029 1558 5084 Similiter
1569 5038 1597 5080 et
1608 5025 1643 5080 de
1653 5026 1707 5090 bis,

913 5101 959 5171 qui
971 5114 1027 5153 reru
1042 5100 1177 5169 publicam
1191 5115 1271 5169 agere
1283 5101 1387 5156 volrrut.

949 5169 993 5225 bt.
1018 5169 1051 5224 tir
1065 5169 1151 5224 etates
1166 5170 1204 5224 oei
1214 5171 1274 5226 iaici
1289 5173 1321 5225 iu
1340 5173 1428 5225 uriena
1438 5171 1565 5225 aecclesia
1575 5185 1627 5223 aon
1638 5184 1710 5222 eoru-

681 5287 878 5346 venientes
896 5286 1096 5347 tbcrtottcs.

114 5402 210 5457 ‘deest
224 5399 259 5458 G.
295 5400 650 5474 ¹patueritcurr.potncrit
667 5401 700 5456 G.
739 5401 893 5471 'superG.
925 5403 1107 5457 ·cauouicurn
1123 5402 1156 5458 G.
1195 5405 1288 5459 ldeest
1304 5404 1337 5460 G.
1375 5405 1503 5462 ‘summa
1522 5405 1628 5475 nepotis
1644 5405 1709 5466 diat.

72 5473 220 5528 iduati).
258 5473 320 5526 'sic
335 5472 396 5527 ttat.
408 5472 536 5526 esbernis
555 5488 593 5541 ep.
607 5470 653 5525 st.
667 5473 704 5527 itii
720 5470 752 5526 ii.
785 5471 797 5502 ’
825 5470 1012 5530 revocatusG.
1052 5473 1073 5503 ¹⁰
1092 5473 1275 5529 videamusG.
1316 5477 1336 5507 ¹¹
1351 5491 1420 5548 quae
1434 5493 1459 5530 v.
1470 5477 1539 5533 aliae
1552 5477 1712 5532 emerserint

74 5542 546 5670 restat·terrula·
586 5541 1002 5668 ‘tremitensis
1024 5541 1582 5673 lr¹·.t⁰.¹.··.·..t¹⁶¹r⁵raicat
1597 5632 1603 5644 ·
1618 5548 1714 5674 tta

73 5631 229 5740 flfirffacnu
244 5652 353 5753 praeter
368 5683 473 5737 bortrini
486 5653 640 5738 sacerdotes
654 5682 751 5737 audeat
766 5682 934 5784 praedicare.
951 5655 996 5739 lie·
1023 5684 1045 5714 ¹¹
1066 5632 1102 5737 sqic
1119 5684 1140 5737 G
1155 5629 1181 5739 e}
1192 5655 1287 5741 Leonis
1297 5689 1372 5757 epist.
1383 5635 1625 5745 os'i'naauunu'u
1642 5634 1712 5744 tici.

76 5758 101 5789 ¹¹
116 5755 227 5813 decreta
241 5770 310 5814 corr.
325 5755 426 5810 dirccta
440 5750 472 5811 G.
510 5755 533 5784 ¹³
548 5754 680 5810 sententia
695 5752 727 5810 G.

779 5752 889 5811 llinem
903 5751 964 5811 Bai.
1002 5754 1026 5786 ¹⁸
1038 5755 1108 5811 erint
1125 5754 1158 5812 G.
1198 5757 1260 5814 ²⁵d.
1280 5758 1528 5831 publicatumlld..
