3824 6112
140 301 195 357 :ti
393 302 467 358 COD.
489 301 624 358 britoni.
637 330 673 345 -
686 298 864 356 obnubisti
876 298 1132 357 cartrbtanttttt
1152 299 1352 356 mutuatio.
1365 331 1398 341 —
1412 301 1475 356 Lib.
1490 303 1510 357 Ι.
1715 310 1764 368 745

139 412 297 470 deveniant.
311 412 443 466 Similiter
460 422 486 466 ct
503 414 536 467 de
555 414 724 483 presbiteris,
738 414 784 482 qui
797 415 923 470 0555515-
943 426 964 478 Λ
980 415 1011 469 st
1026 424 1113 468 actem
1123 413 1192 468 mab
1203 417 1293 479 aceris,
1307 417 1384 482 rima·
1403 435 1454 472 ιιοιι
1467 420 1535 473 enim
1550 422 1606 475 siue
1617 439 1698 480 caera
1711 430 1761 499 pta.

136 484 242 539 siamm
271 484 362 546 rebus,
394 484 492 552 ortibus
503 492 647 551 praesunt,
674 485 831 566 praeliaeo
849 486 928 539 miralo
979 486 1158 553 dirumportut.
1201 486 1307 538 etenim
1323 488 1441 541 minister
1459 499 1496 542 cst
1512 489 1531 551 ⁸,
1551 492 1645 546 aladen
1658 495 1764 555 mirare

137 559 246 615 currunt,
260 551 411 607 iaciendum
427 555 585 616 statuimus,
599 568 725 623 quantam
742 555 841 608 multos
853 570 928 624 pres·
977 555 1001 607 ei
1014 555 1059 637 paci
1069 553 1168 607 maltam
1181 570 1197 606 a
1215 555 1245 607 it.
1258 555 1295 608 bc
1306 555 1350 610 illo
1360 558 1431 611 enirn
1438 559 1590 626 specialiter
1600 563 1689 618 dirirra
1702 582 1760 624 auc-

140 625 288 678 biterorum
307 624 449 677 occasione
465 623 555 678 taliter
569 635 719 692 eutpmrum
734 637 825 678 rerum
841 626 928 679 eccle·
978 630 1072 678 toritas
1087 623 1169 677 dicit:
1207 623 1306 678 lodium
1318 625 1366 678 liei
1393 637 1462 680 artat
1477 628 1512 680 ad
1526 630 1666 688 madiam
1681 638 1763 694 mat..

138 695 205 758 sias,
218 693 315 762 qrrilrns
329 703 473 762 praesunt,
490 693 639 762 expoliasse
658 701 685 748 et
699 708 713 747 a
729 708 779 748 stro
807 695 928 750 ministe-
978 709 1047 758 ram,
1060 707 1113 748 raon
1125 693 1157 747 de
1167 692 1355 762 quolibetaliu.
1368 643 1535 752 &contrario
1544 715 1607 754 rem
1616 705 1763 774 nescimus,

139 765 182 819 rio
202 763 295 818 multis
323 763 409 818 modis
427 763 592 820 exorbitasse
607 772 634 817 et
659 777 688 817 se
707 763 813 818 diabolo
826 765 928 820 aurunci·
977 777 1029 833 qua
1044 763 1173 832 pemnxia
1195 763 1347 819 inventione
1358 781 1373 818 a
1385 766 1520 822 nonnullis
1534 783 1693 840 usurpatum
1710 788 1762 844 est,

138 848 218 904 passe
245 842 273 887 et
301 833 353 887 hac
371 833 513 888 occasione
533 832 632 888 multos
653 832 784 888 laicorum
803 834 830 888 iu
851 850 928 889 5555-
977 842 1007 888 ιιι
1020 833 1058 895 bi,
1070 833 1116 900 qui
1128 832 1638 905 nulloministericpublicoluleiuntur,
1651 858 1701 912 pro
1720 857 1762 904 ree

139 904 229 957 derium
249 902 447 973 dampnationis
476 913 503 958 et
520 902 679 972 perditionis
708 904 846 972 proruisse
865 920 928 959 utn-
976 919 1024 957 sna
1044 902 1104 958 odia
1120 903 1356 959 etdircrsissimas
1376 902 1526 962 voluntates
1539 910 1672 978 pessimas
1686 914 1763 972 iade-

137 973 269 1041 perimus.
977 973 1060 1025 bibam
1073 972 1123 1026 sibi
1138 981 1269 1042 usurpent
1277 974 1304 1027 in
1312 973 1479 1031 vindicandis
1502 979 1632 1059 proximis
1644 993 1672 1037 et
1683 984 1711 1039 in
1722 987 1764 1049 ine

174 1042 237 1096 528.
259 1041 335 1106 erod
350 1039 469 1095 nonarrlli
487 1040 598 1122 episcopi
607 1041 656 1095 aiii
674 1040 801 1097 ratlieatos
819 1044 928 1096 canani·
977 1042 1137 1097 trrlrciendis
1149 1044 1441 1100 bominibosrindictae
1452 1044 1643 1118 rninrsterinm;
1657 1058 1763 1124 etquod

137 1129 182 1165 coa
219 1113 398 1164 manachacat
420 1110 632 1164 sanctimoniales
657 1111 802 1181 neglegant.
828 1112 925 1166 [5550-
975 1126 1022 1165 rer
1035 1113 1131 1167 saltem
1145 1114 1172 1167 in
1188 1129 1241 1168 urm
1258 1128 1386 1169 exercere
1410 1114 1539 1171 debuerat
1551 1129 1662 1190 propter
1677 1131 1763 1180 terro-

138 1196 200 1234 runs
214 1196 290 1245 sane,
308 1180 450 1235 nonnullos
460 1181 600 1248 episcopos
622 1180 650 1234 in
668 1181 848 1249 gubernandis
862 1197 927 1236 enn-
976 1196 1033 1235 rear
1046 1182 1201 1248 multorum,
1214 1183 1264 1253 ipsi
1275 1185 1446 1254 impudenter
1457 1185 1485 1239 in
1495 1186 1588 1243 multis
1607 1205 1763 1263 perpetrare

137 1251 340 1320 gregationibus
371 1251 422 1305 sibi
449 1251 597 1315 salicetis,
634 1250 771 1305 canonicis
802 1253 926 1306 triclelicet
976 1265 1028 1304 non
1040 1255 1405 1323 metuuntpropterodium,
1420 1259 1616 1325 etpotantsibi
1633 1261 1761 1321 licereob

135 1321 279 1375 morrncbis
295 1329 323 1374 et
334 1320 591 1382 sanctimonialibus,
606 1319 735 1375 hactenus
746 1322 822 1377 valde
836 1323 926 1391 negle-
975 1319 1178 1377 inimicitiarum
1199 1324 1340 1390 vindictas,
1365 1325 1437 1395 quod
1449 1327 1544 1381 nolunt
1566 1340 1596 1384 ut
1617 1332 1762 1392 malacim

137 1399 232 1458 gertus
241 1390 362 1446 extitisse
377 1397 404 1445 et
418 1391 453 1444 cb
469 1391 495 1446 id
510 1387 608 1445 multos
624 1390 650 1444 in
672 1389 714 1444 sui
731 1390 925 1447 detractionem
974 1399 1084 1460 propter
1094 1393 1142 1447 Ilei
1160 1393 1316 1447 uindictam.

137 1470 361 1529 etccnt=mpturn
374 1462 592 1529 provocassem
605 1469 635 1513 ut
649 1459 769 1515 nonnulli
784 1462 829 1516 alii
847 1476 926 1532 prau-
1009 1463 1072 1517 555.
1091 1462 1131 1516 ne
1150 1462 1285 1517 abbatibus
1315 1464 1449 1518 canonicis
1467 1474 1491 1519 et
1519 1467 1692 1538 regularitas,
1723 1474 1762 1530 aet

138 1530 184 1583 lati
204 1532 232 1584 in
249 1544 342 1584 eornm
372 1530 522 1600 parrochiis
548 1530 702 1595 constbuti,
731 1544 824 1587 eorum
843 1548 925 1602 prata
974 1531 1121 1586 manciaria.
1154 1532 1302 1588 Abbatibus
1330 1534 1466 1590 canonicis
1493 1545 1521 1590 et
1547 1539 1717 1610 regularibus
1736 1553 1764 1599 et

136 1600 259 1669 exempla
271 1601 356 1654 secuti
375 1615 438 1655 snas
460 1599 585 1656 similiter
600 1615 650 1655 con
670 1602 822 1671 rogationes
836 1601 925 1674 neglc-
975 1600 1127 1667 abbatissis,
1145 1616 1214 1673 quae
1229 1604 1479 1659 sanctimonialibus
1488 1621 1615 1674 praeesse
1627 1611 1752 1667 ridentur

137 1671 230 1725 serim
241 1687 247 1723 :
260 1684 328 1739 qnos
339 1679 366 1725 et
378 1668 499 1724 fraterno
515 1676 543 1724 et
555 1615 676 1741 synodaii
688 1683 821 1727 conventu
833 1673 926 1728 adna—
976 1669 1032 1725 sire
1046 1671 1132 1740 laicis,
1144 1673 1189 1757 qui
1203 1673 1367 1728 monasteria
1380 1674 1489 1740 babent,
1508 1677 1617 1731 omnino
1627 1655 1763 1752 praecipi1

135 1741 241 1794 nendos
264 1753 324 1794 esse
346 1740 519 1796 ‘decrevimus
539 1740 692 1795 necessario
712 1740 741 1807 ¹,
768 1752 799 1798 nt
818 1744 853 1797 ab
874 1742 924 1799 hac
941 1761 961 1820 p
977 1755 1046 1805 mus,
1060 1749 1092 1798 ut
1105 1742 1215 1812 deipsis
1227 1757 1351 1814 magnam
1366 1757 1458 1798 euram
1471 1745 1598 1812 babeant,
1610 1756 1637 1803 et
1649 1753 1764 1809 caeteris

135 1810 306 1881 neglegentia
335 1810 461 1880 deinceps
491 1824 520 1865 se
548 1810 694 1866 cohibeant
716 1820 744 1866 et
762 1812 877 1868 caeteris
895 1828 924 1883 se
975 1810 1581 1885 bununesemplnmpraebeant,eardtgiase
1594 1818 1760 1887 sicntdecet,

137 1881 282 1937 imitabiles
298 1882 458 1950 praetenue
480 1895 514 1936 ue
535 1879 605 1936 lorte
630 1890 740 1950 propter
757 1883 864 1938 illarum
884 1883 926 1937 in·
975 1890 1178 1949 consonanter,
1196 1892 1224 1938 et
1235 1884 1307 1952 qnod
1327 1883 1537 1954 uniuscuiusque
1550 1886 1711 1955 professioni
1723 1892 1764 1947 io·

136 1952 241 2006 curiam
261 1961 288 2006 et
306 1952 411 2006 divinae
427 1950 565 2007 servitutis
581 1958 751 2022 contemptos
763 1959 791 2007 et
803 1953 925 2024 pericula
974 1953 1137 2008 conveniens
1164 1961 1207 2008 est
1231 1961 1259 2008 et
1275 1953 1301 2007 ia
1315 1954 1400 2008 saeris
1429 1956 1577 2011 canonibus
1592 1960 1760 2027 prohibetur,

133 2022 298 2091 proveniant
321 2022 471 2076 animarum
494 2030 522 2076 et
547 2021 658 2076 auribus
677 2020 853 2079 excellentiae
877 2039 925 2079 55-
975 2022 1085 2078 omnino
1095 2031 1216 2087 careant,
1233 2023 1329 2078 etinca
1341 2023 1392 2078 sibi
1406 2038 1421 2077 a
1434 2025 1761 2101 nobisprnpteraiiqnam

134 2102 211 2147 strae
223 2092 346 2146 molestia
366 2092 503 2162 ingeratur
521 2099 549 2146 et
568 2091 726 2147 sacerdotali
745 2092 925 2150 mediocritei
975 2092 1164 2148 necessitatem
1185 2107 1312 2149 marcessa
1334 2091 1456 2161 deperire
1479 2104 1507 2150 et
1523 2095 1625 2152 destrui
1651 2109 1763 2170 pnrptcr

136 2163 164 2216 in
180 2161 267 2217 sacris
283 2163 459 2217 conventibus
482 2161 582 2218 tedium
606 2169 634 2216 et
660 2163 833 2231 opprobrium
858 2163 925 2219 inle—
975 2160 1171 2233 neglegentiam
1184 2177 1240 2218 non
1260 2163 1409 2226 dimittant,
1427 2173 1455 2218 et
1468 2168 1694 2289 congregationes
1709 2172 1761 2226 sibi

134 2242 224 2286 maur.
974 2233 1134 2288 commissas
1145 2233 1202 2288 sire
1213 2232 1371 2304 spiritaliter
1381 2233 1440 2289 sire
1451 2242 1571 2304 tempora
1585 2237 1635 2292 iter
1648 2249 1762 2308 patenae

171 2302 235 2357 529.
255 2301 293 2356 De
309 2302 452 2373 episcopis,
474 2300 610 2356 abbatibus
628 2311 653 2356 ct
671 2301 859 2368 sacerdotibus,
880 2304 925 2374 pai
974 2299 1228 2375 admtugabernare
1239 2304 1491 2373 eisquenecessaria
1504 2305 1635 2375 stipendia
1647 2309 1763 2367 555555-

134 2373 243 2444 prupria
262 2371 318 2425 loca
338 2372 496 2443 reliaparaat.
519 2371 705 2442 conperimus,
724 2373 854 2441 qraosdam
869 2374 926 2443 epi-
974 2380 1063 2427 strare
1076 2388 1129 2428 ιιοιι
1142 2373 1203 2444 negl
1219 2381 1294 2443 gant,
1306 2388 1341 2428 ne
1357 2371 1427 2429 lorte
1442 2383 1553 2445 propter
1573 2377 1690 2447 aliquam
1706 2379 1765 2436 ino-

135 2457 236 2510 scopcs
244 2450 272 2498 et
283 2442 393 2497 abbates
412 2453 491 2512 atque
504 2443 659 2498 sacerdotes
671 2457 724 2496 nou
740 2457 820 2497 caasa
831 2459 926 2500 neces-
973 2441 1046 2510 piam
1059 2450 1087 2500 et
1098 2443 1188 2497 divine
1210 2442 1296 2499 odicia
1316 2443 1491 2514 neglegantur
1511 2453 1540 2498 et
1557 2445 1631 2514 ipsae
1648 2463 1762 2521 congre-

135 2513 228 2567 sitatis
240 2519 287 2566 aut
300 2512 439 2578 utilitatis,
452 2514 499 2569 sed
512 2513 602 2583 patius
614 2512 745 2566 auaritiae
759 2521 787 2568 et
801 2515 926 2583 propriae
974 2511 1096 2580 gaticnes
1103 2512 1286 2583 inreligiosius
1292 2514 1383 2568 virere
1393 2529 1443 2569 eon
1480 2515 1588 2570 llantur.
1597 2516 1631 2572 Et
1642 2520 1763 2587 quihaec

135 2582 335 2646 delectationis,
346 2584 501 2653 saepissime
512 2598 561 2652 pro
581 2583 620 2636 ria
634 2581 754 2636 civitatis
780 2598 845 2638 suae
861 2583 925 2640 scde
975 2596 1056 2653 agere
1067 2598 1101 2638 ne
1119 2582 1246 2651 lexerint,
1259 2584 1443 2640 sciantseeai
1455 2582 1606 2641 lisaulerre
1616 2596 1644 2643 et
1655 2589 1763 2660 religio·

135 2654 178 2706 rel
191 2653 347 2706 monasterii
363 2661 437 2722 septa
453 2662 498 2708 aut
515 2597 645 2707 ecclisiae
659 2652 784 2721 propriae
795 2653 924 2710 derelicta
974 2598 1177 2708 sinribusiare.

133 2724 263 2794 cleroque
281 2722 401 2792 neglecto
421 2724 568 2779 remotiora
590 2723 648 2777 loca
672 2720 854 2792 frequentare.
873 2723 926 2780 Pro
1009 2722 1072 2777 550.
1093 2721 1128 2777 ilc
1139 2721 1253 2793 capellae
1265 2724 1360 2793 absque
1374 2723 1446 2777 tana
1462 2723 1515 2779 siue
1526 2725 1653 2795 pensiero
1664 2730 1764 2800 propria

134 2809 189 2863 qna
209 2808 238 2847 re
253 2802 281 2848 et
299 2794 437 2848 destitutio
458 2793 541 2848 divini
560 2795 652 2848 cuitus
666 2801 694 2848 et
713 2793 877 2862 praedicatio
896 2795 925 2850 in
974 2792 1087 2864 episcopi
1106 2808 1158 2846 noa
1168 2793 1243 2859 fiant.
1256 2793 1359 2847 Placuit
1372 2793 1459 2855 nobis
1475 2802 1515 2857 ot,
1530 2795 1600 2849 sicut
1613 2797 1648 2849 ab
1657 2798 1763 2869 episeo-

133 2863 262 2932 plebibns
274 2872 301 2917 et
314 2877 378 2918 cura
393 2864 574 2919 subiectomm
587 2862 758 2933 postponitur
770 2873 797 2920 et
806 2863 925 2934 hospita·
974 2862 1017 2984 pis
1038 2870 1066 2916 et
1089 2861 1201 2928 reliuuls
1220 2863 1407 2917 sacerdotibus
1424 2877 1456 2918 ac
1469 2862 1517 2916 ttei
1531 2863 1616 2921 serris
1630 2866 1762 2923 admoniti

136 2935 200 2988 litas
214 2932 373 3014 neglegitur.
397 2933 520 3001 Quodne
540 2933 652 2990 ulterius
670 2949 685 2986 ι
703 2947 839 3004 quoquam
865 2935 926 2991 sine
987 2931 1091 2995 uintus,
1112 2945 1163 2986 nec
1179 2932 1298 3000 capellae
1313 2932 1342 2987 in
1354 2931 1453 3001 palatia
1467 2942 1561 2987 nostro
1577 2934 1618 2988 rel
1638 2935 1722 2990 aliubi
1740 2937 1762 3004 ⁸,

136 3003 284 3058 inevitabili
300 3005 460 3060 necessitate
472 3012 518 3058 aut
529 3004 618 3074 aliqua
640 3002 761 3060 utilitate
779 3004 843 3070 flat,
866 3005 924 3076 pari
975 3001 1034 3056 sine
1044 3001 1176 3070 permissu
1193 3002 1236 3056 rel
1255 3001 1330 3056 iussu
1339 3001 1467 3072 episcopi,
1484 3001 1512 3056 in
1525 3003 1602 3056 cuins
1618 3012 1765 3126 estparro·

135 3088 270 3129 consensu
285 3075 446 3129 inhibemus.
976 3071 1037 3126 chia
1047 3072 1123 3126 dant
1143 3071 1177 3125 Et
1189 3080 1219 3126 ut
1233 3085 1328 3126 omnes
1339 3085 1388 3142 per
1400 3071 1458 3127 dies
1471 3071 1622 3128 dominicos
1632 3087 1665 3129 re
1687 3073 1765 3130 iesti-

169 3143 234 3198 550.
256 3144 293 3197 bc
311 3145 439 3199 laicarum
451 3143 561 3200 clericis.
584 3142 623 3198 no
651 3143 757 3200 clericis
782 3143 923 3209 laicorum,
938 3108 960 3170 c
976 3141 1076 3196 vitatas
1107 3140 1242 3197 raeelaras
1258 3156 1337 3196 saera
1354 3141 1521 3196 eucharistia
1546 3144 1763 3213 communicent,

136 3215 209 3268 ande
223 3213 345 3268 nonnulli
360 3229 453 3269 eorum
469 3214 561 3286 quaeri
576 3215 709 3280 ridentur,
730 3228 763 3270 eo
817 3215 851 3271 od
865 3216 925 3284 qui·
976 3211 1028 3266 nbi
1041 3155 1765 3294 pnikusabstincrepracaapturnestlitutcbserratic

135 3284 198 3338 dam
211 3284 329 3354 episcopi
341 3284 374 3339 ad
385 3299 479 3339 eornm
510 3299 585 3340 reees
598 3284 685 3340 nolint
694 3285 721 3340 ln
734 3300 782 3340 ecc
792 3283 856 3341 asiis
868 3285 925 3342 suis
976 3295 1099 3337 omnium
1114 3281 1221 3336 dierum
1232 3282 1545 3337 dommrcorumarnane
1557 3287 1766 3353 usqueadres·

135 3367 194 3419 eos,
206 3369 267 3409 cunr
281 3354 360 3410 utiles
374 3355 438 3420 sint,
451 3299 586 3421 artiinare,
608 3355 695 3410 risurn
717 3355 796 3410 nobis
817 3353 879 3422 luit,
896 3363 926 3411 ut
975 3365 1069 3476 ffiranr
1080 3353 1228 3408 secuudum
1236 3351 1394 3408 canonicam
1405 3351 1765 3413 auetoritatentbcmuibus

136 3424 164 3478 in
178 3424 436 3494 utrisquepartibus
460 3439 512 3495 pax
541 3434 569 3480 et
587 3425 729 3481 concordia
753 3433 876 3481 serretur
895 3435 924 3483 et
1014 3430 1035 3475 t·

137 3509 199 3548 earn
219 3495 331 3549 caritate
344 3504 372 3550 et
389 3496 494 3550 ratione
518 3495 599 3551 utiles
617 3504 645 3550 et
668 3494 756 3551 idonei
781 3494 923 3567 eligantur.
1010 3490 1073 3548 555.
1092 3490 1128 3547 llt
1146 3508 1244 3557 omma,
1264 3493 1309 3565 pai
1327 3491 1355 3546 la
1367 3491 1419 3561 fide
1432 3491 1615 3549 catholicatus
1646 3495 1764 3564 etiamr,

136 3564 171 3618 lit
199 3565 221 3620 si
248 3564 332 3620 laicus
355 3564 480 3621 idoneum
500 3566 647 3636 utilemque
670 3565 799 3621 clericum
822 3567 927 3636 optule-
975 3560 1004 3615 t'n
1024 3563 1172 3616 testimonio
1195 3563 1310 3618 bumana
1331 3562 1406 3616 duod
1425 3563 1581 3618 habeantur.
1625 3580 1700 3622 annes
1719 3568 1765 3639 qui

136 3635 194 3699 rit,
225 3634 300 3689 nulla
328 3636 448 3704 qualibet
477 3636 619 3692 occasione
649 3636 684 3692 ab
709 3637 800 3705 episeo
867 3637 926 3692 eine
976 3629 1004 3685 in
1017 3631 1070 3687 lide
1088 3632 1190 3687 Christi
1204 3633 1246 3687 rel
1260 3632 1396 3689 catholica
1414 3633 1532 3703 suspecti
1545 3644 1624 3700 sunt,
1643 3635 1670 3689 ia
1687 3638 1764 3692 testi·

136 3713 213 3759 certa
246 3705 351 3760 ratione
384 3705 538 3776 repellatur.
567 3706 601 3760 Ει
631 3707 653 3760 si
685 3706 785 3761 micion
806 3722 837 3763 us
863 3716 923 3774 est,
975 3703 1068 3758 monio
1098 3703 1217 3758 humano
1247 3704 1320 3759 dubii
1350 3703 1510 3758 habeantur.
1540 3704 1671 3760 inllrnrari
1700 3722 1766 3779 ergo

136 3783 249 3844 propter
263 3775 418 3831 mandalum
435 3776 574 3833 vitandum
589 3777 705 3832 evidenti
721 3777 827 3832 ratione
840 3778 925 3833 mani·
975 3780 1082 3842 oportet
1093 3787 1187 3827 eorum
1200 3773 1394 3838 testimonium,
1410 3774 1457 3843 qui
1475 3773 1503 3826 in
1522 3772 1575 3828 bde
1587 3773 1647 3829 lalsi
1663 3776 1763 3831 doeen-

137 3845 262 3899 lestetar.
975 3850 1034 3908 tur;
1056 3856 1106 3898 nce
1128 3844 1169 3898 eis
1195 3857 1255 3898 esse
1281 3843 1459 3908 eredendum,
1487 3843 1668 3912 quiveritatis
1682 3845 1764 3901 ddem

173 3915 237 3969 551.
259 3915 296 3970 lle
313 3915 446 3969 monacbis
465 3925 489 3971 et
511 3915 659 3987 presbiteris
678 3917 731 3971 aiae
752 3914 868 3980 clarina,
881 3916 926 3988 pai
975 3911 1112 3980 ignorant.

137 3984 237 4055 patum
253 3983 382 4054 palatium
404 3986 512 4040 adeant.
538 3985 661 4052 Placuit,
688 3995 718 4040 ut
745 3987 870 4040 monachi
898 3994 927 4040 et
1010 3980 1071 4037 too.
1091 3980 1126 4035 tte
1138 3982 1371 4052 sipuiaminiatroa
1385 3978 1511 4034 melariae
1522 3979 1695 4048 iniuriaverit,
1715 3983 1765 4038 lace

139 4055 299 4123 presbiteri,
323 4068 427 4109 necnon
450 4056 550 4118 clerici,
567 4057 613 4126 qni
634 4056 783 4127 postposita
796 4055 926 4116 canoniea
975 4050 1112 4121 tripliciter
1124 4060 1262 4120 conponat.
1284 4049 1312 4105 Si
1325 4050 1386 4121 quis
1411 4048 1551 4130 ministros
1575 4050 1715 4117 ecelesiae,
1737 4055 1764 4108 id

138 4125 302 4179 auctoritate
313 4125 413 4194 passim
430 4126 560 4195 palatium
573 4128 673 4182 adeunt
688 4135 715 4180 et
727 4125 826 4179 nostris
841 4126 926 4180 saeris
975 4126 1017 4175 est
1036 4120 1239 4182 subdiaconum,
1254 4121 1392 4184 lectorem,
1416 4127 1588 4182 exorcistam,
1605 4121 1763 4189 acolithum,

139 4195 251 4249 auribus
264 4196 511 4264 inportunissimam
526 4197 677 4251 molestiam
691 4196 819 4260 inierunt,
833 4204 862 4249 ut
872 4208 925 4249 non
975 4191 1115 4245 ostiarium
1130 4190 1297 4245 iniuriaverit
1309 4196 1356 4243 aut
1370 4188 1536 4270 percusserit
1547 4189 1589 4243 rel
1602 4191 1763 4263 plagaverit,

140 4266 192 4319 hoc
217 4264 307 4320 lacere
328 4274 516 4335 praesumant;
534 4267 660 4334 quioniam
687 4267 714 4320 in
742 4264 927 4321 huiuscemodi
976 4269 1109 4330 conponat
1131 4261 1182 4315 boc
1194 4259 1345 4328 tripliciter,
1359 4267 1429 4314 stent
1443 4257 1529 4313 solem
1542 4273 1696 4329 conponere
1717 4276 1764 4333 pa-

137 4334 212 4390 laeto
234 4344 263 4390 et
286 4335 363 4405 rigor
383 4336 583 4391 ecclesiasticus
603 4336 803 4406 contempnitur
815 4345 843 4390 et
863 4335 927 4390 reli·
976 4341 1068 4385 rentes
1081 4330 1150 4385 cius.
1171 4329 1280 4384 Diaconi
1293 4344 1367 4393 vero,
1382 4328 1526 4398 presbiteri
1552 4338 1633 4399 atque
1646 4332 1765 4404 episcopi

137 4406 182 4475 gio
205 4405 379 4461 sacerdotalis
394 4413 422 4460 et
448 4406 582 4476 professio
598 4407 748 4462 manastica
773 4405 852 4461 vilior
867 4403 926 4459 etli-
978 4400 1075 4455 iniuria
1091 4400 1118 4454 in
1130 4399 1308 4469 quadruplum
1327 4406 1503 4467 conponatur.
1520 4397 1694 4474 Reliquorum
1717 4418 1763 4458 au-

138 4476 219 4530 citur.
941 4462 1031 4525 Dtcnr
1044 4470 1202 4526 clericorum
1224 4469 1320 4525 iniuria
1344 4477 1510 4537 conponatur
1532 4469 1602 4524 sicut
1622 4482 1764 4540 parentum

171 4544 237 4600 352.
257 4542 293 4598 dc
304 4560 358 4598 aon
373 4545 407 4599 sit
420 4545 557 4616 smpsiaia
570 4545 772 4599 chomanorum
783 4545 925 4598 temeraria
976 4555 1080 4594 eorum.
1095 4539 1287 4594 Manaehorum
1297 4553 1413 4609 quoquae,
1427 4537 1472 4607 qui
1483 4540 1629 4595 meandum
1644 4544 1766 4614 regulam

137 4615 242 4681 effusio.
262 4613 391 4668 Volumus
406 4623 485 4683 atque
497 4615 676 4685 praecipimus
692 4624 785 4670 nostra
808 4614 925 4668 auctori·
978 4610 1004 4664 in
1016 4610 1027 4641 ⁸
1038 4609 1202 4665 monasterio
1216 4610 1319 4674 ritunt,
1333 4609 1430 4664 iniuria
1439 4618 1607 4690 conponatur
1618 4615 1766 4668 mendum

136 4692 194 4738 tate
217 4684 369 4738 adnuntiari
388 4685 529 4745 omnibus,
555 4685 638 4739 55555
668 4693 696 4739 et
710 4700 726 4738 a
741 4684 925 4740 sacerdotibus
978 4678 1160 4749 genealogiam
1172 4694 1258 4744 suam,
1272 4689 1303 4734 ut
1313 4686 1463 4734 reverentia
1474 4686 1510 4734 ιιι
1522 4679 1616 4736 benet
1636 4683 1767 4738 ccclesiae

136 4753 301 4822 praedicari,
311 4760 406 4807 neum
421 4753 926 4822 temerariachristianorumsanguinis
978 4763 1005 4804 et
1018 4764 1068 4823 pas
1082 4751 1132 4814 eis,
1144 4750 1191 4820 qui
1204 4749 1242 4804 illi
1252 4750 1417 4805 deserviunt.

136 4822 234 4878 effusio
248 4823 276 4878 iu
289 4825 500 4893 rcgnouostro¹
519 4826 577 4880 lieri
605 4825 718 4889 sinatur,
742 4839 799 4881 sern
819 4823 926 4878 crillud
1013 4818 1075 4874 555.
1095 4817 1235 4890 lltsiquia
1257 4829 1398 4874 contumax
1414 4820 1581 4873 reverentiam
1597 4821 1766 4876 ecclesiarum

135 4893 323 4956 adtendentes,
335 4894 406 4962 qnod
424 4894 554 4950 Dominus
569 4903 629 4965 past
649 4894 779 4949 diluvium
796 4838 865 4947 giris
886 4891 926 4948 la·
979 4889 1128 4952 nonhabet,
1142 4889 1305 4944 solidasset
1318 4897 1457 4959 campum
1478 4887 1506 4943 Si
1526 4890 1587 4958 quie
1606 4891 1686 4944 homo
1699 4905 1766 4944 enn-

136 4963 212 5017 mulo
223 4978 272 5017 suo
284 4962 341 5018 Noti
353 4978 361 5015 ι
375 4963 412 5018 lle
427 4980 506 5018 manu
519 4965 632 5018 lucrinis
648 4975 671 5017 et
685 4965 718 5018 de
731 4981 811 5018 manu
827 4963 875 5017 uiri
901 4973 925 5016 ct

135 5033 230 5102 [ratris
243 5033 299 5087 eius
311 5033 441 5102 reqniranr
454 5034 570 5087 animant
583 5036 649 5088 eius.
675 5033 837 5104 Quicumque
861 5034 927 5102 effo-

135 5101 206 5155 derit
221 5103 366 5157 humanam
382 5103 552 5173 sangninem,
576 5104 700 5173 pandetur
716 5104 824 5226 annectit
845 5102 926 5155 illics.

135 5171 179 5225 Aa
191 5173 333 5242 imaginem
343 5173 436 5243 prrippc
451 5173 499 5225 bei
512 5174 596 5242 suctus
611 5183 647 5227 est
659 5173 746 5226 bomo.
772 5180 793 5226 .t
806 5172 832 5225 in
848 5171 927 5239 lege:

137 5241 191 5305 Qut
204 5241 471 5306 occiderithominem,
484 5252 566 5295 morte
578 5244 716 5295 moriatur.
727 5243 762 5296 itt
771 5240 908 5310 apostolus
920 5254 928 5293 ε

136 5310 211 5364 Nom
223 5312 353 5381 principes
364 5328 415 5364 non
429 5322 488 5364 sust
503 5313 591 5364 timori
606 5312 665 5365 boni
680 5313 774 5381 operis,
793 5311 836 5364 scd
851 5309 924 5364 maii.

143 5378 188 5433 l'is
202 5390 290 5434 autem
301 5397 352 5434 non
363 5383 452 5434 timere
460 5382 628 5450 potestatem?
640 5381 742 5434 borram
754 5381 806 5449 inc,
814 5390 838 5434 et
846 5381 928 5434 tate·

135 5451 176 5503 bie
190 5449 297 5504 landem
312 5467 343 5504 ex
355 5450 418 5514 illa,·
432 5451 480 5503 Dei
493 5452 561 5504 enim
572 5453 689 5505 minister
699 5462 737 5504 est
751 5451 797 5504 tibi
808 5453 835 5504 ia
848 5452 924 5504 bono.

980 4959 1127 5014 tumaxvel
1149 4960 1280 5028 superbus
1293 4959 1417 5013 timorem
1445 4958 1492 5011 liei
1515 4958 1558 5012 vel
1586 4959 1770 5021 maerentum

978 5029 1152 5083 ecclesiarum
1164 5044 1217 5083 non
1229 5029 1363 5095 babuerit,
1371 5036 1399 5081 et
1411 5025 1559 5096 lugientem
1570 5043 1678 5082 serrum
1689 5043 1766 5090 suurn

979 5099 1019 5152 rel
1035 5113 1114 5167 quem
1130 5099 1312 5167 ‘persecutus
1329 5095 1410 5151 luerit
1426 5098 1459 5151 de
1478 5096 1592 5151 eeclesia
1605 5098 1647 5151 vel
1662 5100 1695 5152 de
1705 5113 1766 5169 por-

981 5170 1034 5223 ticu
1057 5169 1116 5222 eius
1137 5181 1187 5236 per
1200 5168 1253 5221 rim
1267 5167 1442 5232 abstraxerit,
1459 5176 1487 5220 et
1499 5167 1555 5220 beo
1571 5168 1699 5222 bonorem
1713 5184 1766 5223 non

981 5238 1096 5300 dederit,
1113 5246 1247 5306 conponat
1260 5238 1293 5292 ad
1311 5238 1395 5306 ipsam
1415 5236 1557 5291 eeclesiam
1574 5251 1626 5307 pro
1646 5239 1767 5308 negleoc

978 5324 1027 5363 sno
1039 5308 1138 5362 solidos
1149 5309 1319 5377 quingentos,
1332 5317 1358 5360 et
1369 5321 1418 5375 pro
1429 5306 1505 5361 iredo
1516 5307 1549 5365 ad
1558 5307 1652 5362 liscum
1669 5309 1767 5363 solidos

979 5380 1117 5434 ducentos.
1135 5378 1192 5447 lpse
1204 5392 1266 5431 reru
1283 5377 1389 5446 publica
1413 5377 1578 5446 poenitentia
1605 5378 1679 5433 iuxta
1699 5379 1767 5434 iudi-

978 5451 1050 5504 cium
1063 5449 1182 5519 episcopi
1193 5447 1329 5513 multetur,
1340 5456 1370 5502 ut
1377 5448 1413 5503 sit
1424 5448 1511 5502 bonor
1520 5448 1567 5504 liei
1577 5457 1605 5502 et
1616 5451 1767 5506 reuerentia

749 5543 944 5620 taunucus
961 5561 1160 5619 tucrronss

178 5668 395 5722 'mecasarium
416 5669 540 5725 duximus
557 5671 617 5725 lial.
653 5672 815 5728 'caelomm
827 5668 867 5729 a·
899 5670 994 5725 ⁸alcen
1013 5669 1046 5728 d.
1084 5672 1137 5726 ι5.
1157 5672 1258 5743 absque
1271 5671 1316 5731 illa
1328 5680 1421 5729 nostra
1434 5669 1495 5726 bat.
1519 5673 1547 5728 ia
1561 5672 1594 5731 G.
1614 5673 1679 5730 hacc
1692 5678 1767 5733 reric

136 5746 271 5806 expuncto
287 5749 359 5791 sunt.
398 5739 540 5795 idoare.
589 5739 831 5812 ‘quemlibctpi-
846 5739 1006 5798 addebat

342 5829 477 5890 Parcet.
496 5829 624 5892 xcvii.

1434 5831 1473 5894 2l
