3824 6112
235 313 288 371 aa
651 304 682 362 s.
703 302 828 363 canon
847 300 954 361 incar
972 298 1047 360 ora.
1068 298 1158 358 rans
1176 302 1197 358 t.
1218 299 1340 360 secato
1358 302 1474 361 amna.
1561 272 1564 277 ’
1823 306 1876 361 ιιι

235 439 298 477 rsnr
306 423 446 479 missorum
470 418 621 490 pertinente.
647 415 885 481 Commemoratio,
913 414 977 484 qnid
991 413 1026 469 ad
1039 417 1064 475 Α
1077 427 1177 479 mutus,
1191 428 1245 467 non
1262 412 1303 469 sic
1318 413 1396 470 nobis
1420 428 1579 485 responsum
1602 423 1655 485 est,
1667 425 1698 473 ut
1719 416 1749 474 in
1774 432 1809 474 eo
1831 433 1875 473 re·

235 512 434 582 praedictorum
441 508 583 563 missorum
595 505 755 577 legationem
767 506 910 577 pertineat.
924 505 1025 569 Primo,
1076 519 1176 575 sponso
1185 503 1309 561 suiilcere
1318 506 1453 573 potuisset
1460 506 1494 562 ad
1502 508 1644 564 eandem¹¹
1655 508 1874 578 dispositionem,

236 606 266 653 ut
293 608 453 655 contentum
467 596 475 627 ¹
491 596 518 650 in
543 594 648 651 dnobus
663 602 710 648 aut
721 594 809 648 tribus
831 593 897 648 locis
911 606 1026 663 congre·
1076 610 1158 665 quam
1168 608 1259 649 rerum
1271 597 1418 652 necessitas
1431 599 1465 651 ad
1476 612 1645 653 communem
1656 599 1808 655 utilitatem
1818 614 1874 669 per·

235 699 308 763 gent,
328 689 372 744 nbi
388 703 482 744 omnes
495 686 528 741 atl
544 688 660 742 eornm⁸
676 686 837 756 legationem
859 686 1026 756 pertinentes
1076 684 1220 740 timentium
1233 700 1347 754 poscere
1361 685 1384 718 ¹¹
1398 686 1550 753 videbatur,
1576 687 1707 758 reiquae
1728 688 1872 744 nobisali·

233 780 379 835 eumenirc
406 780 529 848 possint;
549 778 720 833 etomnibns
743 779 905 847 generaliter
931 785 1025 833 notum
1075 777 1148 847 quod
1165 777 1319 833 securitatis
1342 777 1469 833 solatium
1494 778 1592 834 allerre
1613 779 1762 848 potuisset.
1776 779 1869 838 litbee

235 869 345 934 iaciant,
363 869 452 938 qualis
464 869 500 923 sit
510 884 603 923 eomnr
616 867 723 937 legatio,
741 868 844 922 scilicet
857 868 891 921 arl
901 867 953 922 boc
966 883 1026 925 csse
1075 867 1137 922 ideo
1150 867 1172 897 ¹⁸
1187 866 1311 922 evenisse
1334 867 1530 936 perspeximus,
1544 867 1608 936 quia
1626 883 1702 924 anno
1714 870 1865 939 praeterito,

234 975 264 1017 se
278 962 403 1016 anobis⁸
416 961 514 1015 missos
526 962 709 1025 constitutos,
726 968 756 1013 ut
772 960 794 1013 si
816 959 952 1028 quilibet⁸
967 962 1026 1030 epi·
1075 957 1185 1026 quando
1204 957 1353 1026 capitulare
1366 957 1509 1027 legationis
1519 967 1627 1013 restrae
1638 958 1718 1013 tobis
1742 959 1865 1025 dedimus,

234 1067 331 1121 scupus
353 1060 400 1107 aut
416 1067 508 1106 comes
531 1051 710 1106 ministerium
726 1066 804 1106 snum
827 1066 875 1121 per
889 1050 1027 1121 quodlibet
1075 1057 1154 1105 cante
1168 1065 1216 1104 ros
1227 1049 1375 1104 observare
1388 1048 1528 1114 iussimus,
1540 1062 1575 1102 ne
1587 1049 1648 1104 sine
1659 1046 1745 1105 causa
1757 1049 1866 1118 bisquos

232 1145 455 1215 impedimentum
473 1143 585 1213 implere
601 1158 655 1198 non
672 1143 768 1212 possit,
793 1143 827 1197 ad
842 1143 853 1174 ⁸
871 1158 918 1198 eos
935 1157 1026 1198 recur-
1075 1140 1222 1196 honoratos
1234 1155 1294 1195 essc
1314 1140 1447 1205 volumus,
1463 1139 1554 1210 aliqua
1571 1138 1648 1195 lieret
1669 1140 1783 1195 iniuria.
1801 1140 1865 1208 Qua·

233 1243 286 1301 rat,
302 1243 330 1290 et
351 1250 412 1291 curn
434 1249 529 1289 corum
553 1232 714 1288 adiutorio¹
739 1233 921 1288 ministerium
946 1248 1026 1289 suum
1074 1240 1184 1300 propter
1206 1230 1331 1286 uolumus
1353 1230 1536 1285 robisnotum
1554 1228 1659 1295 lacere,
1674 1230 1866 1300 qualiternuuc

232 1324 419 1395 ¹adimpleat;
433 1333 462 1379 et
483 1324 506 1379 si
518 1323 579 1378 talis
593 1338 673 1378 cansa
685 1322 767 1377 luerit
783 1337 852 1392 qnae
866 1337 914 1392 per
931 1336 1025 1377 eorum
1075 1321 1131 1377 lieo
1144 1322 1166 1353 ¹¹
1177 1322 1321 1377 adiurante
1333 1322 1445 1377 eandem
1460 1321 1609 1377 iussionem
1619 1330 1745 1377 nostram
1756 1321 1867 1380 debeatis

231 1416 444 1472 admonitionem
461 1414 598 1471 emendari
616 1413 627 1445 ¹
654 1429 708 1469 non
730 1413 826 1483 possit,
850 1428 899 1482 pcr
920 1429 967 1468 eos
991 1412 1025 1467 ad
1074 1412 1231 1483 adimplere.
1252 1412 1393 1479 Volumus,
1418 1420 1448 1467 nt
1471 1414 1547 1469 missi
1574 1415 1671 1481 nostri,
1692 1416 1808 1484 quossd
1823 1414 1866 1470 boc

232 1515 354 1563 nostram
363 1506 485 1562 notitiam
500 1503 646 1561 deleratur.
661 1504 694 1558 Et
706 1504 730 1559 si
747 1503 816 1559 forte
827 1504 968 1575 episcopus
979 1511 1025 1558 aut
1074 1506 1237 1561 constitutos
1247 1504 1389 1571 babemus,
1403 1511 1434 1559 ut
1450 1520 1544 1561 euram
1558 1514 1586 1561 et
1605 1504 1815 1562 sollicitudinem
1824 1506 1867 1562 lra-

232 1615 324 1656 eornes
349 1600 451 1670 aliquid
473 1599 658 1669 neglegentius
674 1598 703 1653 in
717 1613 767 1654 suo
782 1598 934 1653 ministerio
963 1611 1026 1668 ege·
1074 1596 1157 1651 beant
1177 1596 1306 1667 quatinus
1317 1594 1339 1626 ⁸¹
1356 1596 1541 1665 unusquisque
1553 1597 1601 1666 qni
1614 1597 1637 1628 ⁸¹
1656 1605 1751 1653 rector
1768 1598 1868 1655 anobis
1888 1626 1892 1631 ·

232 1692 284 1747 rit¹
300 1732 307 1755 ,
321 1706 371 1761 per
389 1691 502 1746 istomm
515 1689 727 1744 admonitionem
747 1689 909 1759 corrigatur.
922 1688 956 1743 Et
966 1702 1025 1744 om·
1074 1684 1166 1755 popuii
1191 1684 1278 1740 nostri
1291 1685 1455 1741 constitutus
1476 1695 1518 1741 est
1532 1686 1554 1718 ⁸¹
1568 1727 1576 1752 ,
1591 1687 1618 1742 in
1633 1702 1685 1743 sno
1697 1687 1795 1744 ordine
1814 1688 1870 1745 ott·

231 1783 275 1838 nis
294 1782 408 1851 populns
428 1780 506 1845 sciat,
519 1780 552 1835 ad
562 1780 614 1835 boe
627 1794 674 1835 eos
693 1779 715 1811 ¹¹
732 1793 793 1835 esse
810 1779 981 1845 constitutos,
996 1787 1025 1834 nt
1040 1764 1063 1826 Β
1076 1778 1147 1832 eiam
1171 1776 1223 1832 sibi
1236 1776 1413 1833 commissum
1435 1777 1505 1832 iuste
1517 1793 1550 1833 ac
1559 1778 1617 1834 lico
1628 1778 1731 1848 placite
1743 1780 1778 1836 ad
1791 1781 1871 1837 botto-

232 1874 394 1942 quicumque
404 1886 455 1943 per
467 1870 665 1941 neglegentiam
681 1870 701 1900 ¹¹
713 1877 761 1923 ant
773 1869 907 1924 incuriam
919 1869 962 1924 nel
975 1869 1025 1923 irn-
1074 1883 1132 1923 rem
1146 1877 1312 1923 nostrumne
1324 1868 1415 1937 populi
1427 1869 1512 1923 nostri
1527 1868 1671 1925 utilitatem
1689 1869 1872 1939 administret,

231 1962 438 2031 possibilitatem
459 1960 567 2016 contritis
586 1961 628 2024 ¹¹,
645 1960 777 2015 iustitiam
790 1975 867 2015 suam
881 1960 1026 2030 adquirere
1075 1960 1102 2015 in
1115 1961 1187 2015 bunc
1206 1960 1315 2015 modum
1329 1959 1508 2030 cognoscendi
1531 1960 1704 2031 diligentiam
1718 1960 1874 2029 adhibeant,

231 2068 286 2108 non
300 2051 430 2123 potuerit,
448 2051 482 2105 ad
507 2064 554 2105 cos
578 2050 696 2120 primum
720 2050 857 2119 quereiam
874 2065 952 2105 suam
966 2066 1026 2121 pos·
1075 2051 1098 2106 si
1111 2066 1143 2107 ea
1157 2067 1227 2122 quae
1242 2053 1269 2106 in
1286 2053 1430 2123 capitulari
1444 2060 1548 2118 nostro,
1561 2053 1635 2122 quod
1651 2052 1694 2109 cis
1709 2068 1784 2110 anuo
1795 2070 1886 2125 prae-

230 2144 267 2199 sit
280 2141 396 2209 deferre,
411 2151 439 2197 et
462 2157 511 2212 per
528 2157 621 2198 eornm
634 2142 766 2198 auxilinm
784 2143 914 2197 iustitiam
927 2141 1024 2213 adqui·
1076 2144 1157 2198 terito
1179 2144 1312 2210 dedimus,
1331 2145 1504 2201 continentur
1514 2144 1537 2177 ⁸¹
1550 2185 1558 2210 ,
1571 2145 1722 2201 metandum
1740 2145 1765 2178 ⁸⁸
1779 2147 1895 2203 solun-

231 2249 311 2301 rcre;
330 2241 358 2290 ct
381 2234 489 2304 quando
516 2233 614 2303 aliquis
639 2235 672 2289 ad
694 2249 745 2289 nos
757 2234 928 2290 necessitatis
943 2248 1025 2290 causa
1076 2244 1159 2291 tatem
1172 2235 1219 2289 Dei
1232 2250 1264 2289 ac
1277 2235 1426 2290 iussionem
1436 2242 1559 2290 nostram
1569 2233 1636 2289 dant
1649 2235 1811 2306 adimpleta.
1821 2237 1904 2295 lta-

232 2327 419 2383 reclamaverit
436 2327 457 2358 ¹⁸
471 2366 478 2391 ,
497 2326 530 2380 ad
541 2342 587 2381 eos
612 2327 746 2396 possimus
764 2326 913 2381 relatorum
927 2341 1025 2396 quere·
1075 2340 1129 2396 que
1141 2325 1275 2390 nolumus,
1288 2332 1318 2379 ut
1332 2326 1419 2381 medio
1440 2341 1533 2383 meuse
1544 2325 1614 2381 llaio
1625 2326 1794 2382 cout'eniant
1804 2328 1906 2395 ide-1,

231 2417 272 2473 las
289 2419 324 2473 ad
346 2416 529 2473 deliniendum
557 2417 707 2471 remittere.
729 2416 780 2484 lpsi
794 2431 860 2472 tero
871 2415 947 2471 missi
971 2429 1026 2470 non
1075 2417 1161 2483 missi,
1186 2416 1371 2487 unusquisqne
1389 2416 1416 2471 in
1437 2432 1486 2472 sua
1507 2415 1652 2487 legatione,
1671 2431 1735 2472 cum
1748 2418 1896 2481 omnbus

231 2508 291 2564 sine
309 2506 461 2563 certissima
484 2521 565 2561 causa
587 2505 629 2561 tel
648 2506 809 2561 necessitate
829 2505 883 2560 buc
909 2505 1026 2575 illucque
1075 2508 1221 2579 episcopis,
1238 2507 1391 2572 abbatibus,
1410 2507 1565 2573 comitibus,
1580 2522 1613 2562 ac
1625 2506 1715 2562 nassis
1728 2506 1752 2539 ⁸¹
1763 2508 1885 2581 uostris,

231 2599 405 2664 diseturant;
423 2597 475 2653 nisi
488 2596 559 2652 lorte
575 2597 683 2665 quando
701 2596 753 2651 talc
766 2596 868 2667 aliquid
886 2596 914 2651 in
940 2598 1026 2652 cnius-
1075 2599 1214 2654 advocatis
1234 2598 1335 2655 nostris
1346 2598 1390 2663 ⁸⁸,
1412 2613 1445 2653 ac
1466 2596 1643 2652 vicedominis
1662 2596 1876 2669 abbatissam,

231 2689 296 2744 libet
309 2687 460 2744 ministerio
472 2688 505 2743 ad
515 2688 677 2759 legationem
689 2703 766 2743 suam
779 2688 932 2757 pertinente
946 2687 966 2718 ¹¹
979 2703 1026 2745 or·
1076 2707 1181 2748 arcemn
1198 2701 1225 2749 et
1239 2708 1334 2748 eorum
1357 2692 1404 2763 qui
1416 2699 1526 2763 propter
1547 2691 1668 2761 aliquam
1691 2691 1871 2753 monubiles

233 2788 291 2836 tum
314 2792 375 2834 esse
389 2777 575 2850 cognoverint,
594 2777 768 2847 quodeorum
781 2777 935 2849 praesentia
956 2776 1027 2832 indi·
1076 2782 1266 2838 necessitatem
1294 2782 1346 2852 ipsi
1370 2781 1464 2836 tenire
1491 2796 1544 2837 noa
1568 2789 1696 2852 possunt,
1722 2781 1759 2837 ad
1783 2780 1862 2839 lours

230 2876 301 2940 geat,
314 2875 341 2923 et
352 2867 411 2923 sine
422 2883 515 2923 corum
531 2867 553 2898 ¹⁸
566 2866 683 2923 consilio
694 2865 735 2921 tel
745 2866 879 2922 adiutorio
888 2867 1026 2922 emendari
1076 2889 1170 2929 unnim.
1192 2874 1262 2929 Etsi
1277 2887 1388 2928 necesse
1411 2870 1503 2937 inerit,
1528 2879 1639 2942 propter
1661 2871 1860 2942 oportunitates

230 2974 284 3014 non
309 2958 404 3028 possit.
424 2957 488 3012 lude
509 2965 600 3011 tamen
619 2956 719 3012 debent
747 2971 808 3012 esse
831 2955 948 3022 solliciti,
962 2964 992 3011 ut
1004 2956 1025 2989 ¹⁸
1076 2962 1263 3027 conveniendi,
1284 2962 1311 3018 in
1323 2960 1483 3018 dnobust'el
1501 2961 1587 3017 tribus
1610 2960 1746 3025 loeis,rel
1759 2961 1860 3018 maxine

230 3054 340 3120 propter
357 3046 465 3103 illomna
480 3046 678 3119 neglegentiam
697 3046 764 3101 nibil
778 3046 805 3101 in
819 3061 866 3102 sua
892 3046 1025 3118 legatione
1076 3057 1188 3123 propter
1207 3065 1342 3125 pauperes
1356 3050 1378 3082 ⁸⁸
1389 3050 1489 3124 populi,
1507 3037 1586 3108 idem
1602 3059 1756 3107 eottrentus
1774 3050 1858 3106 babes

189 3200 192 3205 ,
230 3142 411 3197 incorrectum
433 3146 591 3205 remancut;
619 3138 666 3194 sed
686 3138 731 3193 ubi
761 3146 863 3194 certam
882 3145 909 3193 et
932 3151 1024 3192 teram
1078 3150 1131 3208 tur,
1155 3144 1205 3215 qui
1228 3144 1354 3202 omnbius
1363 3143 1385 3176 ⁸¹
1401 3151 1546 3216 congruat.
1562 3143 1596 3199 Et
1606 3144 1708 3200 babeat
1730 3150 1858 3215 unusquis·

231 3232 419 3288 necessitatem
433 3231 620 3302 cognoverint,
635 3237 756 3286 nostram
779 3229 927 3286 iussionem
939 3228 1026 3287 adim·
1075 3250 1128 3305 que
1144 3246 1235 3290 eomes
1248 3234 1365 3290 vicarius
1379 3241 1407 3290 et
1419 3232 1590 3289 milenarius
1613 3247 1681 3289 suos
1693 3246 1859 3299 securum

229 3323 304 3396 plere
322 3338 376 3377 non
390 3321 543 3392 neglegant.
1075 3328 1202 3384 nonetde
1211 3327 1307 3398 primis
1315 3326 1462 3382 scabinis⁸¹
1474 3325 1531 3381 suis
1538 3326 1859 3397 tresantqnattuer.l”.tin

265 3410 310 3465 27·
331 3409 370 3464 ⁰⁶
381 3409 439 3475 ¹¹⁰⁶.
458 3409 528 3481 quod
540 3426 587 3480 per
597 3409 690 3465 aristot
702 3409 888 3466 dominicatas
901 3425 1026 3482 quaeest
1074 3431 1108 3473 eo
1118 3424 1251 3472 contentu
1262 3416 1380 3487 primum
1391 3414 1413 3447 ⁸⁸
1427 3415 1591 3471 christianae
1602 3413 1745 3485 religionis
1754 3412 1782 3471 ei
1790 3414 1861 3471 eccle·

230 3497 347 3568 capitata
360 3505 459 3551 statano
471 3506 543 3561 sora,
558 3497 676 3552 anteitur
696 3506 757 3555 mro
772 3498 830 3569 pera·
840 3498 960 3556 deiectu.
975 3498 1026 3559 ve
1075 3506 1176 3563 siastici
1194 3506 1298 3562 ordinis
1318 3503 1435 3561 conlatio
1447 3502 1512 3569 tiar;
1527 3501 1624 3558 deinde
1644 3501 1862 3573 inquirantnissi

231 3591 320 3646 lurnns
342 3592 438 3656 etiam,
451 3600 480 3647 ut
490 3591 615 3647 omnibus
626 3601 720 3659 uotum
744 3593 789 3658 sit,
805 3594 868 3663 qnia
884 3594 904 3626 ¹⁸
918 3594 953 3650 ad
973 3594 1025 3650 buc
1075 3597 1161 3654 nostri
1171 3598 1205 3653 ab
1217 3596 1362 3661 universis,
1373 3595 1490 3668 qualiter
1504 3593 1691 3664 uuusquisque
1703 3580 1812 3649 illorum
1822 3592 1865 3663 qul

231 3682 372 3758 constituti
390 3690 462 3749 sunt,
488 3691 518 3739 ut
532 3699 562 3738 ea
584 3698 653 3753 qnae
667 3698 716 3753 per
734 3684 849 3754 capitula
866 3692 960 3741 nostra
976 3699 1024 3756 ge·
1075 3691 1110 3747 ad
1124 3691 1202 3748 itoca
1216 3688 1296 3745 nubis
1310 3687 1449 3754 constituti
1463 3694 1535 3752 sunt,
1551 3684 1673 3742 oliicium
1684 3685 1738 3742 sibi
1749 3685 1864 3742 commis-

232 3772 361 3830 neralitcr
370 3771 404 3826 dc
416 3771 629 3842 quibuscunque
641 3774 730 3828 causis
741 3775 893 3839 statuimus,
905 3790 954 3846 per
964 3775 1025 3831 illos
1074 3796 1136 3837 sarm
1147 3781 1295 3836 scearndnm
1308 3780 1356 3834 liei
1366 3780 1534 3834 uoluntatem
1545 3792 1579 3833 ae
1589 3777 1741 3833 iussionem
1751 3787 1868 3834 nostmttt

233 3864 254 3894 ¹¹
267 3870 329 3919 nota
342 3864 408 3919 liant
420 3863 557 3930 omnibus,
572 3872 599 3918 ct
612 3864 639 3918 in
651 3879 744 3919 corum
754 3868 944 3935 procuratione
959 3883 1025 3925 con·
1075 3871 1245 3927 administret
1258 3870 1285 3924 in
1301 3869 1408 3940 populo,
1422 3876 1468 3923 aut
1483 3868 1505 3899 ⁸⁸
1523 3882 1605 3938 quam
1624 3869 1778 3925 concordes
1790 3878 1867 3941 atque

230 3955 329 4013 sistant
343 3955 383 4020 ¹⁸,
403 3957 479 4039 nt'ab
492 3957 618 4012 onntibus
630 3957 835 4027 adimpleantur.
853 3959 886 4014 Et
897 3960 1025 4016 ubiiortc
1076 3960 1217 4016 utratitnes
1231 3960 1252 3992 ⁸¹
1268 3961 1302 4015 ad
1320 3960 1372 4017 ltoc
1393 3959 1456 4025 sint,
1471 3956 1513 4014 nel
1532 3958 1651 4029 qualiter
1672 3958 1795 4015 uicissim
1818 3960 1865 4017 sibi

230 4046 321 4117 aliquo
342 4047 388 4101 tali
406 4047 606 4118 impedimento,
622 4051 695 4118 quod
715 4066 763 4121 pcr
781 4052 803 4082 ¹¹
829 4066 878 4107 eos
890 4051 912 4083 ¹¹
932 4068 1024 4109 emen·
1075 4052 1205 4107 auxilium
1219 4050 1308 4107 ierant
1319 4050 1353 4105 ad
1365 4049 1515 4106 ministeria
1526 4064 1575 4104 sua
1588 4048 1759 4119 peragenda.
1772 4048 1867 4104 mun

230 4140 288 4196 dari
307 4155 360 4194 non
376 4140 473 4210 possit,
492 4140 593 4211 aliquid
606 4142 639 4195 alc
658 4141 700 4197 bis
712 4157 782 4210 qtme
796 4143 817 4173 ¹¹
835 4144 1025 4200 constituimus
1074 4143 1217 4215 diligenter
1238 4158 1271 4197 ac
1291 4141 1411 4197 studiose
1424 4140 1495 4195 bane
1508 4138 1748 4210 intssdgationem
1759 4137 1867 4203 lauant,

231 4246 263 4289 ac
289 4230 417 4286 iussimus
433 4231 595 4287 remanserit
617 4230 815 4301 imperfectum,
831 4248 925 4289 eorum
938 4234 1023 4289 relatu
1075 4242 1105 4290 ut
1118 4248 1227 4290 ornnem
1249 4232 1288 4288 rei
1309 4232 1453 4287 ueritatem
1466 4244 1514 4301 per
1526 4244 1572 4285 eos
1594 4244 1762 4300 cognoscere
1781 4228 1867 4285 rslsa·

232 4322 311 4378 nolis
336 4322 370 4377 ad
386 4330 492 4393 tempus
518 4322 662 4388 indicetur,
675 4330 765 4392 ntpcr
790 4339 840 4381 nos
861 4325 1022 4399 corrigatur,
1077 4342 1146 4381 mns.
1166 4326 1200 4381 Et
1213 4326 1236 4381 si
1256 4326 1347 4397 aliqua
1361 4325 1423 4381 talis
1433 4340 1514 4380 causa
1525 4324 1559 4378 ad
1570 4336 1667 4381 eurum
1676 4324 1868 4395 murianpea

232 4413 304 4482 qnod
317 4427 365 4482 prr
375 4429 423 4468 cos
432 4413 533 4484 corrigi
547 4429 600 4467 non
614 4414 702 4482 potuit
714 4415 748 4468 ⁸⁸.
1038 4419 1131 4514 Dlata
1151 4418 1233 4474 luerit
1249 4433 1318 4488 quac
1336 4416 1445 4474 illorum
1457 4416 1555 4472 auxilio
1577 4415 1709 4486 bttitgeat,
1724 4416 1868 4473 samnium

268 4504 314 4561 28.
333 4503 559 4561 Deodatouitorr'o
571 4505 604 4557 ad
616 4520 659 4558 eor
671 4505 716 4575 qni
729 4503 856 4575 legatione
867 4505 1022 4577 largiantur.
1076 4510 1220 4583 qualitates
1243 4524 1386 4565 causarum
1407 4522 1477 4579 qnae
1493 4507 1519 4562 in
1531 4516 1624 4563 nostro
1641 4507 1786 4577 capitulari
1804 4522 1866 4563 cott-

233 4590 318 4647 Nosse
328 4607 377 4647 tos
389 4592 532 4656 eredimus,
546 4591 639 4662 quanti
652 4592 688 4647 sit
697 4592 824 4662 ponderis
834 4593 932 4664 legatio
943 4611 1024 4666 quant
1076 4602 1205 4665 tinentur,
1220 4608 1285 4655 tunc
1295 4600 1419 4656 nolumus
1430 4609 1460 4654 ut
1473 4599 1536 4654 illuc
1546 4607 1671 4669 pergant,
1685 4606 1714 4655 ct
1731 4615 1765 4654 er
1777 4606 1838 4655 nost

234 4684 310 4739 robis
323 4685 517 4749 eorrrtnisimus,
529 4693 557 4739 et
570 4700 650 4755 qnam
663 4686 698 4740 sit
708 4686 889 4756 periculosum
902 4687 924 4718 ⁸⁸
936 4696 1026 4744 tantm
1076 4693 1238 4749 auctoritate
1251 4691 1316 4748 illud
1330 4691 1466 4761 corrigere
1480 4690 1617 4746 studeant.

234 4776 272 4836 rei
288 4791 381 4832 curam
392 4776 543 4848 neglegere,
558 4785 687 4846 quantam
704 4793 753 4834 ros
765 4778 788 4809 ¹¹
799 4794 848 4849 pro
862 4787 955 4835 nostra·
967 4798 1026 4836 ont·
1111 4787 1157 4842 29.
1177 4785 1215 4840 De
1231 4785 1306 4839 rebar
1326 4784 1361 4839 ud
1381 4782 1552 4838 uenerabilem
1573 4782 1660 4838 locum
1681 4779 1853 4853 pertinentiis

233 4870 308 4929 niano
328 4870 463 4925 communi
478 4869 565 4926 sainte
575 4886 609 4926 es
633 4871 657 4903 ¹⁸
672 4878 764 4929 nostra
779 4872 942 4943 obligatione
965 4888 1024 4929 sits·
1077 4894 1128 4932 non
1140 4874 1297 4931 olicmadia.
1310 4871 1386 4929 Nulla
1406 4871 1456 4927 sub
1467 4870 1588 4926 iiomana
1610 4871 1715 4927 ditione
1729 4869 1753 4902 ⁸¹
1765 4867 1900 4925 eonsti-

232 4962 338 5033 cepisse
353 4977 406 5019 non
421 4962 561 5034 ignoratis
574 4962 675 5032 licqna
688 4963 711 4993 ¹¹
723 4980 785 5019 curn
795 4980 844 5021 ros
862 4964 1024 5037 interrogas
1076 4975 1134 5023 tnta
1152 4962 1339 5029 coniectaret
1364 4961 1575 5021 exenodochium
1596 4958 1629 5026 ¹¹,
1652 4960 1695 5018 rel
1715 4975 1757 5033 p·
1788 4983 1809 5005 ιι
1846 4981 1848 4994 .

824 5117 1021 5174 i'rleiiiTES
1037 5115 1238 5174 tsttttos'ttS.

272 5251 503 5313 ¹lneontentud.
551 5250 753 5307 'coronant
800 5251 881 5307 ⁸lieo
894 5251 929 5307 G.
976 5252 1179 5324 ¹quislibetl‘.
1214 5248 1283 5305 ¹ad
1295 5264 1348 5305 non
1368 5247 1454 5317 possb
1476 5247 1569 5301 derant
1580 5245 1614 5303 G'.
1650 5246 1834 5305 ⁸admonitio

236 5330 279 5386 ι’.
316 5329 368 5382 ¹s.
381 5341 430 5396 per
439 5324 559 5393 quolibet
574 5337 600 5377 a.
614 5322 650 5376 l‘.
689 5321 906 5377 ¹cmendarel‘.
944 5324 1107 5394 ’cgerirttb
1182 5320 1326 5375 ¹¹deeatl.
1366 5319 1386 5350 ¹¹
1404 5334 1433 5388 p.
1444 5318 1655 5373 admonitionem
1676 5327 1725 5389 aut
1743 5318 1840 5374 ininrr‘a

234 5400 261 5455 l.
302 5396 510 5453 ¹¹cornitnml‘.
549 5392 570 5425 ¹¹
585 5391 792 5449 reclinat'oritti.
832 5393 854 5424 ¹¹
870 5395 1049 5462 pertinentem
1063 5396 1090 5449 5.
1103 5393 1135 5447 B.
1148 5391 1182 5446 G.
1222 5388 1459 5447 ¹⁸illornml'.ll.
1507 5387 1661 5443 ¹⁸deeati·.
1701 5384 1905 5459 ¹¹quiiJ‘·

234 5466 349 5525 stit.
388 5462 589 5520 ¹⁸missosllcl.
629 5462 649 5493 ¹¹
661 5462 790 5517 consistat
801 5462 826 5515 l.
842 5460 874 5517 G.
914 5463 1091 5520 ’meatu
1139 5464 1160 5494 ¹¹
1175 5462 1294 5533 qnodl‘.
1332 5457 1529 5583 ''Bossitbb
1577 5456 1685 5513 teritG.
1722 5458 1746 5491 ⁸⁸
1765 5460 1900 5583 Kana

235 5534 572 5606 dcttrtnnmorqadditl.
611 5532 888 5588 ¹¹noscorr.vost‘.
927 5534 1079 5589 ⁸¹deeatl‘.
1117 5533 1140 5564 ¹¹
1153 5548 1181 5587 rc
1193 5532 1310 5585 inserunt
1322 5528 1348 5584 6.
1390 5567 1397 5582 .
1429 5529 1525 5583 ¹⁸cum
1555 5526 1764 5584 ·.t.t.ttat.a
1784 5534 1891 5596 ...μθ

237 5610 333 5660 tuissct
347 5606 439 5660 decant
451 5603 484 5661 G.
522 5605 546 5701 ¹⁸
556 5611 698 5700 srippctcrc
711 5601 738 5655 l.
753 5618 864 5671 parcere
875 5604 900 5657 (i.
913 5619 1011 5705 parere
1024 5603 1057 5658 Β.
1083 5603 1192 5705 ιζἸἰῑοιιι
1206 5602 1242 5655 l'.
1280 5599 1463 5702 ⁸⁰,g¹⁰¹¹¹¹¹.⁰:'¹.·
1478 5597 1509 5690 ll:
1549 5598 1732 5681 ¹¹q.utu3l.
1770 5596 1885 5649 ”decu

239 5676 274 5733 i·
312 5674 453 5729 ''dcestb
491 5671 681 5727 ⁸¹tastso.B.
720 5672 743 5705 ⁸⁸
755 5673 862 5727 duali.
900 5672 1044 5729 ‘dcestb
1117 5672 1265 5727 inomni).
1341 5654 1874 5725 scalttntrsl.G.scabtnetsb.B.M

239 5744 464 5814 ”proxin'ntntb
515 5745 536 5776 ¹¹
558 5742 670 5799 utall.
688 5742 836 5799 ereum.
886 5743 907 5776 ¹¹
929 5758 1040 5800 nnatnes
1059 5743 1096 5798 Γ.
1144 5742 1167 5773 ⁸¹
1186 5740 1348 5798 diceioneb.
1387 5739 1411 5772 ⁸¹
1431 5738 1629 5795 senodochium
1648 5738 1775 5795 ronna
