3824 6112
149 429 197 485 iol
387 425 463 481 COD.
484 423 622 480 bll‘lell.
632 453 668 465 -
679 423 860 482 naabblcll
879 422 1138 481 coelletnltlllll
1157 420 1358 479 coenaculo.
1379 450 1414 462 ν»
1427 423 1492 479 Lllt.
1513 423 1534 478 l.

1729 421 1782 483 loa

145 552 210 597 eum
224 533 405 591 llarlomanno
423 532 589 589 Francorum
608 535 730 604 principe
751 537 882 592 canonice
901 543 939 590 te·
952 546 976 606 A
989 537 1053 592 inde
1068 536 1239 591 illudowicns
1249 552 1331 606 regno
1349 537 1572 602 suecessitanito,

144 609 218 673 nuit,
238 615 268 660 ut
285 611 433 672 agnoscant
445 618 540 658 ouantes
550 605 617 658 haec
629 606 826 674 praedictorum
839 606 940 675 princi·
1024 606 1145 661 Eximius
1157 599 1293 676 princeps,
1307 607 1384 662 dirus
1395 615 1423 663 et
1432 608 1506 663 orbis
1520 622 1536 660 a
1602 623 1611 663 a

163 695 210 733 um
243 690 274 731 ca
293 674 359 727 itula
384 674 499 728 maxime
525 675 670 743 apostolica
695 675 856 730 anctoritate
882 675 940 730 lore
989 676 1030 730 bu
1068 686 1110 730 sto
1122 676 1203 730 nituit
1215 678 1266 731 sub
1282 693 1335 746 quo
1348 676 1491 732 Germania
1505 692 1539 731 cu
1551 685 1591 743 lu,

179 756 263 803 mata.
273 689 400 798 lostam
409 758 592 813 quoquequne
601 753 737 808 secuntur,
746 744 839 800 eadem
847 756 940 800 aucto-

145 819 226 874 ritate
236 813 355 871 maxilua
372 821 402 867 ut
420 813 537 868 diximus
548 829 581 869 ex
593 822 670 884 parte
679 823 707 869 et
717 814 838 868 omniunt
852 814 938 869 Fran-

1047 746 1127 800 ultori
1140 746 1263 800 tribuens
1275 747 1414 802 mmmoda
1427 747 1511 801 multa
1525 760 1585 800 suo.

987 815 1067 871 Pacis
1078 823 1183 870 amator
1194 816 1266 870 enim
1279 829 1371 871 mesor
1384 816 1492 884 pietatis
1504 824 1532 870 et
1541 815 1630 872 almae

144 902 239 946 eorum
250 884 391 952 utriusque
400 883 504 938 ordinis
517 883 638 938 virorum
655 899 766 940 assensu
786 892 849 938 sunt
861 885 940 940 roho·
1023 884 1163 940 Consmuit
1176 884 1283 954 populis
1300 887 1423 953 plebibus
1439 893 1520 954 atque
1535 886 1602 940 suis.

144 967 214 1013 rata.
253 954 377 1009 Secundo
409 966 474 1008 vero
506 954 533 1009 in
558 953 647 1009 libello
671 963 732 1024 post
760 954 938 1023 capitulorum
990 954 1100 1011 Scilicet
1114 964 1144 1009 ut
1156 969 1248 1022 regum
1262 970 1394 1010 renovans
1404 955 1507 1010 sancita
1518 955 1650 1023 priorum,

143 1040 288 1088 nanterum
306 1023 392 1092 [iruna
407 1022 496 1078 irnrrte
512 1023 601 1093 posita
613 1032 675 1080 sunt
688 1024 818 1093 quaedam
832 1039 866 1079 ex
881 1024 939 1092 lege
1023 1023 1174 1079 Prudenter
1186 1025 1278 1079 titulos
1292 1026 1401 1080 adderet
1413 1025 1470 1094 ipse
1482 1025 1553 1106 pios.

142 1098 234 1153 divina
244 1102 370 1162 excerpta
380 1093 506 1162 capitula,
527 1094 597 1150 sicul
618 1109 649 1148 ea
668 1094 781 1163 sparsim
799 1094 825 1148 in
845 1109 938 1150 eorum
988 1093 1157 1163 Quapropter
1167 1095 1286 1149 moriens
1302 1095 1453 1163 penetrarit
1467 1095 1555 1148 sidera
1568 1094 1646 1160 coeli,

131 1167 227 1222 'mista
247 1163 371 1245 capitulis
384 1164 561 1232 repperimus,
575 1172 605 1218 ut
625 1179 719 1219 omnes
737 1165 804 1218 haec
821 1164 937 1233 capitula

1024 1163 1136 1218 Solvere
1147 1164 1284 1235 praecelso
1297 1166 1402 1219 cantica
1415 1164 1494 1232 digna
1507 1164 1572 1218 Deo.

131 1235 247 1306 llegibus
261 1234 359 1288 drrrnrs
379 1234 480 1298 regulis
500 1248 534 1287 oe
552 1234 690 1289 canonicis
701 1234 867 1289 commodare
884 1248 938 1289 non
988 1233 1056 1288 ilino
1070 1235 1151 1290 etiam
1166 1235 1288 1303 sequitur
1302 1235 1407 1289 soboles
1420 1233 1570 1288 veneranda
1581 1248 1630 1301 per
1643 1232 1737 1288 orbem

142 1305 278 1387 iquorent.
302 1302 395 1359 Tertio
416 1249 549 1371 siquidem
570 1304 599 1358 in
619 1304 709 1360 lihcllo
730 1310 791 1373 post
817 1303 937 1358 eiusdem
1023 1303 1110 1372 ipsius
1124 1304 1222 1372 insigni
1239 1305 1348 1359 nomine
1361 1304 1544 1374 dignapatris.

142 1372 227 1431 labelli
240 1372 418 1442 capitulorum
432 1389 574 1428 numerum
588 1375 719 1442 quaedam
740 1388 774 1428 ex
788 1373 938 1428 canonibus
988 1385 1001 1414 ⁸
1015 1373 1188 1429 illudowicns
1200 1374 1272 1428 enim
1285 1373 1359 1428 llnrii
1371 1375 1411 1429 cis
1424 1374 1513 1428 littora
1528 1372 1595 1427 chi

142 1444 285 1499 aPanlino
307 1442 433 1522 episeopo
452 1451 481 1497 et
503 1442 602 1498 Albino
623 1445 753 1525 magistro
774 1443 938 1511 reliquisque
1022 1443 1138 1512 Imperat
1150 1452 1177 1498 et
1190 1445 1345 1512 comprimit
1359 1442 1514 1500 ecceleras.

142 1514 262 1570 iussione
276 1511 366 1567 llaroli
380 1512 551 1567 invictissimi
568 1513 697 1583 principis
715 1513 851 1584 magistris
861 1527 938 1582 spar-

986 1512 1095 1567 Necnon
1110 1513 1265 1568 illotharios
1277 1513 1353 1584 parili
1369 1514 1470 1568 ditione
1482 1513 1583 1581 potitus

142 1583 195 1638 sim
219 1581 331 1638 collecta
358 1590 423 1637 sunt
444 1583 545 1638 inserta
571 1582 703 1652 capitula;
727 1592 755 1637 et
775 1581 937 1651 quibusdam
1021 1582 1186 1639 Francorum
1202 1599 1279 1638 cesar
1293 1599 1337 1638 see
1358 1594 1399 1637 tra
1417 1583 1555 1638 tremenda
1569 1584 1650 1638 uehit.

142 1652 320 1723 interpositis,
334 1660 483 1722 sequuntm
497 1652 550 1707 alia
569 1653 677 1722 regulae
695 1654 861 1708 monasticae
873 1666 938 1706 oon-

988 1651 1055 1705 Tum
1071 1652 1224 1707 liarolusre
1263 1668 1309 1708 um
1351 1667 1493 1709 raucorum
1508 1661 1581 1707 sorte
1598 1658 1726 1716 retentat,

143 1723 279 1793 generatim
291 1732 318 1776 et
331 1723 438 1777 dearum
450 1735 481 1775 ea
492 1735 561 1791 quae
571 1734 709 1786 secuuntur,
721 1725 755 1777 ad
768 1730 877 1777 sanctae
889 1720 937 1775 Dei
1023 1721 1125 1776 Nomen
1139 1724 1181 1776 avi
1193 1736 1222 1777 re
1235 1739 1313 1777 erens
1325 1723 1471 1777 ausiliante
1484 1722 1548 1776 Deo.

142 1793 273 1849 ecclesiae
297 1806 490 1859 seruorumque
510 1793 568 1846 eius
590 1801 671 1860 atique
690 1793 774 1846 totius
796 1790 936 1848 christiani

129 1862 233 1932 populi
248 1861 391 1917 utilitatem
417 1869 480 1915 sunt
501 1862 653 1931 corrscripta
673 1861 798 1932 capitula,
820 1861 890 1917 sicut
909 1861 977 1954 in!³
1023 1859 1177 1916 Obtulimus
1190 1862 1300 1930 scripta,
1314 1877 1420 1931 senper

987 1789 1041 1845 Nos
1052 1793 1150 1860 quibus
1163 1792 1219 1856 illa,
1232 1800 1326 1847 tenent
1341 1793 1408 1846 terni
1422 1806 1562 1915 mtto&
1571 1791 1669 1916 gffffi'

142 1934 236 1987 eodem
249 1931 423 1986 eontinentur
434 1929 533 1987 libello.
548 1932 693 1986 Precamur
701 1947 808 2002 quoque
821 1932 937 1986 lectores
988 1929 1107 1998 Quorum
1118 1947 1212 1986 norma
1225 1933 1304 1986 demet
1315 1931 1414 2000 iugiter
1430 1946 1479 1986 nos
1492 1930 1582 1987 virere
1594 1940 1668 1986 recte

141 2016 236 2056 uallares
255 2008 420 2069 cunctosque
439 2000 541 2056 iudices
564 2008 592 2055 et
615 2002 759 2071 sapientes,
779 2009 808 2056 ul
833 2017 887 2055 non
905 2015 937 2054 ea
1022 2000 1054 2055 Et
1069 2000 1166 2056 studiis
1177 2001 1291 2055 [lantino
1301 2001 1352 2054 rite
1363 2002 1470 2069 placere
1478 2001 1540 2069 piis.

141 2072 252 2126 sinistra
264 2070 484 2139 interpretatione
497 2071 551 2126 ullo
563 2086 681 2139 unquam
693 2080 815 2152 tempore
826 2070 937 2141 dignen-

986 2069 1059 2125 llaec
1068 2078 1191 2124 recemum
1202 2085 1301 2140 prasos
1312 2085 1399 2138 aequo
1409 2068 1591 2124 moderamine
1603 2083 1702 2134 mores,

142 2149 186 2194 tur
199 2154 341 2209 cnpltnere,
357 2149 403 2195 aut
416 2155 577 2210 quemqnam
592 2141 690 2195 ininste
703 2143 832 2204 irrumare,
851 2140 894 2195 rel
905 2155 937 2193 co
1021 2140 1136 2195 llil-enni
1150 2155 1274 2194 norrrlam
1287 2140 1482 2194 contribuendo
1499 2139 1561 2207 piis.

986 2208 1106 2278 Namque
1116 2218 1225 2331 patrant
1238 2209 1315 2263 inulti
1328 2209 1449 2264 lunestas
1462 2208 1657 2333 scffiorapinae

1547 2320 1555 2343 9

140 2212 213 2280 quod
228 2226 282 2265 non
303 2210 358 2265 sint
367 2210 497 2279 quaenam
515 2226 549 2265 ex
571 2210 615 2266 his
625 2211 699 2265 iuxta
712 2211 833 2281 regulam
847 2225 937 2279 manr-

140 2281 256 2336 maticae
270 2280 338 2334 artis
351 2279 510 2348 coniposita,
520 2281 716 2348 reprebendens
729 2296 736 2346 ;
750 2281 798 2336 scd
809 2294 858 2348 pro
870 2280 936 2347 ipsis
1021 2277 1116 2333 Nonnu
1131 2279 1148 2332 li
1159 2279 1260 2334 violant
1272 2278 1369 2346 templa
1385 2279 1473 2334 dicata

138 2350 306 2474 Rrirrctpibns
324 2364 473 2418 eoltllllqlle
485 2358 511 2404 et
531 2359 641 2405 sanctae
659 2350 706 2405 Dei
726 2349 855 2406 ecclesiae
869 2351 936 2404 lide-
987 2347 1112 2404 Suntalii
1125 2349 1258 2405 scelerum
1271 2347 1353 2404 leuati
1366 2349 1425 2403 labe
1437 2363 1558 2413 suorum,

160 2422 218 2482 lius,
234 2419 280 2488 qni
301 2419 368 2473 llaec
380 2420 474 2474 eadem
490 2420 571 2474 simul
592 2436 654 2476 eum
676 2420 717 2476 eis
739 2423 933 2482 tractaverunt,

140 2501 220 2557 atque
233 2505 283 2557 pro
302 2487 389 2552 nohis,
403 2489 449 2557 qui
463 2504 494 2544 ea
514 2489 640 2560 colligere
652 2505 684 2544 ac
703 2490 856 2545 describere
873 2503 934 2543 eer-

1021 2418 1123 2473 Fistnla
1138 2427 1207 2488 quos
1220 2433 1315 2474 omnes
1330 2432 1546 2473 commemorare
1558 2416 1664 2485 nequit.

987 2486 1039 2543 Sed
1051 2489 1159 2544 cohibet
1172 2489 1240 2544 tales
1251 2488 1338 2556 legum
1350 2503 1464 2543 censura
1476 2501 1625 2551 sacrarum,

141 2560 266 2624 larirmrs,
280 2573 359 2612 orare
370 2558 508 2622 studeant,
524 2568 551 2614 et
562 2559 688 2615 iamdicta
704 2559 820 2630 capitula
834 2559 936 2629 puriter
1021 2557 1195 2627 decretisque
1208 2566 1280 2612 uetat
1291 2558 1343 2612 ista
1355 2565 1464 2627 patrare
1474 2557 1537 2627 piis.

139 2629 280 2684 nobiseum
298 2637 400 2683 etcum
414 2627 611 2699 illisampleeti,
632 2630 764 2693 uenerari,
786 2645 877 2684 amare
898 2628 935 2683 le

139 2700 271 2768 gibusqne
290 2706 381 2754 tenere
392 2699 531 2753 decertent
550 2707 685 2753 arlrtnente
703 2699 825 2763 Domino,
838 2709 868 2754 ut
885 2712 934 2767 pa·

138 2784 320 2893 fflnorunes
343 2783 376 2822 ex
402 2768 453 2822 hoc
480 2769 632 2824 intercedem
652 2769 751 2824 hahere
771 2783 932 2824 mereamur.

209 2967 345 3006 lactrlt'al
359 2967 457 3007 tensus
470 2968 503 3006 bl:
516 2967 674 3009 retentoris
687 2969 861 3011 rmnclrtlttlS.

138 3064 226 3122 borea
239 3064 395 3135 progenies,
407 3064 478 3119 ieliei
493 3073 635 3122 stemmate
646 3066 759 3136 pollens,

173 3135 338 3189 Francorum
354 3135 450 3198 virtus,
470 3145 684 3205 perpetuumque
698 3136 791 3199 decus,

138 3205 268 3330 lippinus
280 3207 416 3274 qnondam
429 3206 523 3260 micuit
536 3207 689 3260 sublimiter
701 3214 782 3275 atque

196 3275 370 3330 ariomannus
383 3290 476 3345 agens,
491 3291 561 3344 quac
577 3277 702 3347 placuere
715 3276 781 3332 Deo.

138 3344 271 3401 Censores
285 3345 383 3400 etertim
396 3345 453 3399 reri
466 3346 574 3414 pietalis
588 3361 680 3401 amore

173 3416 309 3471 Ecclesiae
322 3414 395 3483 leges
411 3415 553 3471 instituere
567 3431 668 3472 sacras.

138 3483 210 3552 Quas
223 3487 286 3540 dum
300 3485 385 3539 lector
394 3501 479 3540 orans
490 3485 637 3555 descriptas
649 3485 744 3556 legerit
757 3486 827 3552 istic,

174 3556 229 3610 Nec
242 3556 331 3609 minus
345 3562 372 3609 et
386 3555 444 3609 iura
457 3557 607 3624 posteriora
623 3556 703 3625 legat.

138 3623 208 3681 ilinc
217 3641 295 3680 cesar
305 3624 420 3679 liarolus
435 3626 526 3681 (lilino
539 3642 652 3682 munere
668 3624 754 3681 iretus

174 3694 306 3749 Nobiliter
318 3709 446 3764 proceres
460 3697 531 3751 rexit
543 3697 570 3750 in
580 3698 646 3751 orbe
659 3712 723 3752 snos
736 3714 743 3750 a

140 3762 259 3831 Quorum
271 3773 376 3834 secptra
394 3765 446 3833 piis
460 3781 512 3819 mm
529 3768 683 3821 moderatus
696 3767 808 3822 habenis

174 3834 339 3890 Cirttctorom
353 3835 417 3888 rieit
430 3835 528 3906 inclyta
541 3845 616 3905 gesta
630 3846 752 3905 patrom;

139 3903 276 3960 liii-tulum
289 3905 403 4026 Pemmis
418 3905 501 3959 Dauid
520 3907 692 3976 reliquosque
710 3914 827 3969 seculus,

173 3974 275 4043 Insigni
299 3989 359 4027 ama
372 3973 445 4029 lulsit
456 3975 555 4044 ubique
567 3978 617 4031 sui.

139 4042 208 4110 Quid
221 4057 368 4098 memorem
382 4045 480 4100 utullus
500 4045 603 4101 domuit
623 4062 689 4117 quas
701 4047 816 4115 denique
828 4055 931 4115 gentes,

176 4113 273 4183 Equis
289 4121 316 4168 et
329 4127 451 4169 remeans
463 4115 536 4170 clara
552 4118 662 4185 trophea
676 4115 754 4169 tulit?

140 4181 194 4237 Nec
207 4186 317 4249 mirum,
332 4183 415 4238 coluit
426 4185 488 4239 dmn
504 4188 576 4257 regis
590 4187 662 4241 iussa
672 4185 791 4254 superni,

175 4253 327 4310 Decernens
341 4255 441 4310 sanctis
456 4256 513 4309 iura
527 4258 640 4311 tenenda
654 4256 734 4319 riris3

140 4320 180 4378 Oh
192 4339 262 4392 quae
276 4325 426 4392 promeruit
438 4326 547 4379 celestia
562 4328 692 4381 secludere
706 4339 795 4394 regna,

175 4389 234 4460 Qua
243 4408 350 4463 quoque
364 4395 484 4464 percepit
497 4399 616 4465 praemia
630 4396 701 4465 larga
715 4393 791 4451 satis.

985 2626 1057 2751 hirtio
1069 2628 1151 2683 duces
1166 2628 1276 2682 laudare
1289 2627 1367 2682 decet
1384 2637 1433 2696 per
1445 2627 1565 2681 carmina
1580 2624 1674 2689 lentes,

1048 2711 1131 2752 unere
1141 2699 1271 2751 virtutum
1284 2697 1332 2765 qui
1342 2697 1460 2751 micuere
1471 2711 1567 2762 saero;

984 2765 1099 2823 Francia
1110 2767 1160 2822 sub
1170 2777 1284 2835 qlrorum
1296 2767 1409 2835 sceptris
1424 2766 1559 2820 tutissima
1572 2764 1682 2827 mansit,

1019 2837 1157 2893 Libertate
1175 2837 1279 2905 rigens,
1291 2837 1360 2891 colla
1373 2837 1487 2905 superba
1502 2845 1602 2896 terens,

984 2905 1070 2972 Quam
1089 2908 1180 2959 uariae
1194 2915 1287 2975 gentes
1298 2906 1433 2959 donuinam
1450 2905 1564 2960 timuere
1578 2916 1711 2969 seueram,

1021 2976 1118 3045 Utpote
1131 2991 1198 3043 quas
1212 2976 1295 3028 armis
1313 2990 1360 3029 cae
1381 2976 1401 3028 it
1419 2975 1524 3027 ornando
1537 2974 1602 3027 suis.

985 3045 1062 3102 Unde
1072 3045 1123 3101 sihi
1136 3059 1233 3099 nomen
1246 3045 1345 3099 meruit
1358 2990 1441 3098 Sectis
1452 3051 1533 3164 alque
1546 3056 1673 3111 perenne,

1019 3115 1147 3170 hericiis
1157 3114 1262 3184 populis
1274 3113 1345 3168 celsa
1361 3113 1472 3182 trophea
1497 3127 1586 3166 orrens.

984 3183 1115 3240 coelestis
1132 3184 1238 3253 patriae
1248 3181 1339 3238 donati
1353 3198 1464 3236 mutere
1477 3196 1556 3251 reges

1021 3254 1149 3309 Exultant
1161 3253 1260 3324 iugiter
1272 3261 1300 3307 et
1314 3254 1371 3307 sine
1384 3253 1437 3307 hoe
1449 3259 1565 3317 canttbt;

984 3321 1045 3378 lllta
1054 3325 1108 3394 poli
1119 3324 1196 3380 cuius
1206 3323 1346 3377 subierunt
1362 3322 1478 3379 eulmina
1491 3320 1567 3386 laeli,

1021 3394 1094 3462 Quos
1107 3395 1202 3451 denota
1214 3394 1306 3463 chelys
1319 3394 1371 3447 iam
1386 3393 1523 3446 resonarit
1536 3404 1631 3446 orans.

985 3463 1088 3520 Felices
1101 3465 1224 3529 nimium,
1237 3479 1304 3530 quos
1314 3463 1376 3517 aula
1386 3463 1466 3517 beata
1481 3469 1623 3531 receptans

1021 3533 1163 3590 Coelicolis
1176 3535 1263 3588 iunxit
1273 3533 1377 3589 ciuibus
1389 3533 1447 3602 ipsa
1460 3533 1555 3586 libens.

985 3603 1045 3661 Non
1058 3605 1096 3660 ibi
1111 3605 1163 3659 iam
1176 3613 1300 3658 metuunt
1312 3603 1404 3657 lurras
1414 3616 1568 3671 nocuasque
1585 3599 1732 3657 testebrant
1804 3607 1806 3610 ⁴

1020 3675 1090 3741 Quin
1101 3675 1191 3744 potius
1201 3688 1281 3728 serae
1291 3673 1358 3729 lucis
1373 3682 1485 3729 amoena
1499 3673 1599 3727 rident.

986 3743 1032 3800 Sic
1045 3743 1192 3814 euangelici
1206 3744 1213 3774 ¹
1234 3746 1348 3799 tesmtur
1358 3744 1454 3814 pagina
1470 3743 1547 3807 bibli,

1021 3813 1097 3881 Quod
1109 3814 1200 3869 mnndi
1214 3815 1303 3870 lumen
1315 3815 1351 3869 sit
1364 3815 1434 3869 Deus
1444 3814 1601 3878 altitonans,

986 3879 1045 3940 llec
1054 3885 1132 3940 iubar
1142 3885 1255 3939 exilarat
1269 3885 1308 3939 su'
1319 3899 1426 3938 erorrrm
1437 3884 1517 3939 eorda
1530 3884 1660 3948 virorum,

1021 3954 1207 4023 irradiansque
1220 3899 1415 4024 procuznnhila
1428 3961 1497 4007 tetra
1510 3953 1594 4021 lugat.

985 4023 1043 4079 lloc
1061 4024 1143 4078 etlam
1154 4032 1244 4077 ratum
1258 4023 1356 4078 cecinit
1371 4023 1552 4091 pulcherrime
1562 4022 1681 4092 quidam,

1020 4092 1090 4148 Olim
1102 4094 1174 4161 quod
1186 4093 1310 4147 dominus
1320 4092 1364 4145 htx
1375 4093 1409 4145 sit
1420 4093 1429 4122 ¹
1442 4092 1555 4145 anranda
1567 4095 1577 4122 ³
1591 4092 1671 4144 Deus.

983 4163 1034 4219 Cui
1047 4165 1129 4218 decus
1139 4171 1167 4216 et
1176 4162 1272 4226 virtus,
1285 4161 1343 4216 lans
1356 4169 1384 4215 ct
1397 4162 1534 4215 reiteratio
1545 4174 1661 4228 semper,

1020 4233 1217 4302 imperiumque
1228 4239 1318 4285 tuanct
1331 4241 1425 4285 concta
1437 4246 1486 4300 per
1497 4246 1563 4284 acra
1574 4244 1692 4286 sacrum.

984 4304 1043 4373 lpse
1056 4301 1103 4356 libi
1118 4303 1217 4356 tribnat
1230 4301 1350 4370 prolixae
1363 4309 1482 4368 tempora
1495 4301 1578 4370 pacis,

1021 4371 1128 4428 Credita
1141 4373 1187 4442 qui
1200 4372 1270 4442 plebi
1279 4370 1387 4441 fersque
1398 4370 1497 4430 talcrtta
1510 4371 1568 4425 tibi.

743 4484 937 4542 tilmanllls
955 4480 1156 4541 thomellus,

177 4581 186 4611 ¹
198 4590 227 4636 et
236 4579 349 4651 angelici
364 4578 396 4635 G.
434 4581 444 4611 ¹
457 4580 525 4635 luxit
535 4579 568 4638 G.
580 4581 643 4637 lusit
653 4579 713 4635 eal.
752 4580 762 4612 ⁸
775 4577 891 4635 amando
902 4576 935 4633 G.
949 4575 1010 4630 eat.

911 4685 1026 4744 NOTAE.

177 4798 190 4826 ⁴
203 4783 257 4839 Pro
269 4792 386 4854 quatuor
397 4784 572 4853 sequentihus
584 4783 706 4840 distichis
718 4783 817 4839 Bellon.
829 4782 911 4837 habet
925 4798 931 4835 :

143 4917 287 4980 lotharius
304 4919 420 4985 primum
434 4933 545 4988 cingnum
565 4919 677 4973 sortitus
694 4918 806 4983 anitum,

177 4987 337 5042 Arduennae
353 4989 470 5043 nemoris
488 4989 572 5043 incola
587 4987 674 5045 linctus
684 4998 756 5042 ovat.

143 5057 210 5113 ilinc
223 5058 395 5114 llludowicns
408 5059 487 5112 heros
498 5058 584 5113 ilheni
599 5060 638 5114 cis
654 5059 746 5113 littora
763 5056 836 5128 genti

1020 4779 1136 4848 imperat
1153 4787 1180 4834 et
1192 4779 1283 4849 populi
1297 4778 1377 4833 ellera
1390 4780 1457 4836 oolla
1473 4780 1545 4834 terit.

984 4848 1060 4908 Tune
1072 4848 1195 4912 llarolus,
1208 4849 1264 4903 cari
1282 4850 1385 4919 speeies
1396 4851 1526 4918 genitoris
1538 4855 1640 4917 aurata,

1021 4917 1157 4973 Gallorum
1171 4928 1265 4973 corilus
1275 4921 1382 4974 ordinat
1392 4928 1474 4989 atque
1484 4921 1585 4974 dmnat.

985 4987 1042 5042 iilis
1054 5004 1113 5052 rios,
1126 4988 1171 5056 qui
1183 4987 1237 5042 lata
1250 4996 1350 5053 terrena,
1366 4990 1423 5043 loca
1435 4990 1557 5058 partibus
1570 4984 1664 5055 aequis

1019 5057 1092 5113 llaec
1104 5056 1217 5112 ierimus
1234 5059 1334 5127 scripta
1343 5073 1449 5127 semper
1463 5057 1584 5113 habenda
1596 5056 1658 5111 sibi.
1728 5092 1731 5098 -

930 5161 1212 5178 m

762 5244 911 5327 tlellt
945 5242 1152 5320 PRIMUS.

860 5381 1080 5396 β

180 5451 205 5504 l.
227 5449 345 5520 Epistola
359 5452 505 5507 Zachariae
518 5464 601 5520 popae
616 5446 641 5501 F
643 5448 728 5503 rancis
744 5457 769 5502 et
787 5446 871 5504 Gallia
894 5449 933 5502 di·
949 5447 1011 5514 liin
1025 5444 1162 5515 provincia
1173 5451 1262 5498 vestra
1281 5444 1355 5498 iuxta
1380 5448 1501 5495 nostram
1523 5437 1773 5504 commonitionem,

146 5531 224 5575 rectu.
234 5519 596 5594 Zachariaspapaunirersis
608 5519 751 5588 episcopis,
762 5519 930 5588 presbiteris,
983 5516 1164 5571 mediantibus
1193 5513 1254 5569 liliis
1283 5513 1383 5567 nostris
1408 5509 1521 5580 Pippino
1542 5517 1569 5562 et
1592 5507 1775 5566 llarlomanno

147 5591 313 5654 diaconibus,
326 5595 478 5655 abbatibus,
495 5589 600 5646 cunctis
610 5590 693 5643 etiam
706 5589 829 5655 ducibus,
848 5589 932 5644 eomi-
984 5585 1152 5656 principibus
1163 5584 1271 5647 vestris,
1284 5591 1429 5662 peragente
1443 5580 1525 5661 ctiam
1540 5579 1599 5661 rice
1615 5588 1707 5633 nostra
1720 5597 1775 5634 tric-

147 5661 219 5714 tibus
235 5665 418 5733 onmibusquc,
436 5664 518 5716 lteom
531 5659 687 5714 timentibus
710 5673 760 5727 per
780 5658 882 5714 Gallias
905 5667 933 5713 et
984 5657 1148 5727 tropolitano
1164 5652 1311 5716 Bonilacio,
1336 5652 1466 5733 Dommns
1488 5648 1675 5732 inluminasset
1686 5651 1774 5732 ‘corda

148 5729 312 5787 Francorum
336 5732 489 5804 provincias
502 5729 666 5785 constitutis.
691 5726 837 5784 llelerente
855 5729 934 5782 nohis
984 5737 1076 5782 restra
1101 5740 1163 5780 curn
1184 5723 1352 5794 principibus
1371 5729 1469 5803 restris
1492 5734 1520 5774 m
1535 5718 1775 5803 'praedrcatmncm

149 5803 365 5863 reverentissimo
373 5813 456 5874 utque
467 5799 637 5856 sanctissimo
649 5795 733 5852 lratre
746 5805 839 5855 nostro
852 5797 933 5852 Boni·
986 5797 1054 5858 eins,
1076 5803 1106 5849 nt
1117 5795 1243 5849 orionibus
1253 5791 1507 5851 corltrnontnontbus
1517 5804 1576 5846 elus
1587 5789 1735 5846 obediretis
1747 5797 1775 5846 ct

149 5868 217 5935 lacio
230 5874 369 5949 episcopo,
389 5874 459 5944 quod
483 5871 545 5926 dnm
570 5869 679 5924 sinodus
696 5866 840 5938 adgregata
864 5877 935 5924 essct
987 5865 1068 5922 lalsos
1086 5874 1111 5920 cl
1126 5864 1294 5921 scismaticos
1313 5871 1340 5918 et
1357 5860 1506 5918 homicidas
1536 5870 1563 5916 el
1585 5858 1775 5918 fornicarioaa
