3826 6112
144 242 193 300 itt
532 246 562 301 tt.
583 236 707 303 cauott
726 242 841 302 tttcdt'
852 243 928 301 OPP.
947 243 1037 299 ratus
1056 245 1076 299 Ι.
1097 243 1216 300 SECTIO
1235 242 1352 299 Puttbt.
1540 299 1543 305 ,
1729 241 1783 299 tat

198 353 390 412 outtotttttt
404 352 555 410 uutttto
568 353 883 409 autueuuttotttttt.
952 356 975 415 Α
990 353 1092 407 sionem
1110 362 1227 408 uestram
1247 353 1324 408 'nou
1341 350 1428 408 solun
1451 363 1549 407 census
1570 367 1638 423 quos
1652 352 1663 384 ⁸
1676 355 1786 425 exigere

278 462 342 500 ιιιιι
357 460 437 501 nostru
450 460 600 499 nnuoowtct
616 460 805 500 turenaroms.
988 441 1021 496 dc
1031 442 1128 497 eclesia
1143 442 1265 497 solebant
1275 450 1447 513 acceperuut,
1468 443 1579 512 insuper
1591 446 1674 499 etiam
1686 453 1713 500 et
1722 461 1786 516 gra-

182 537 207 592 l.
222 538 259 591 lic
282 537 442 592 necessitate
463 537 650 606 episcopomm
674 535 851 592 conveniendi
876 548 938 590 cum
987 534 1063 588 viora
1076 532 1244 589 addiderunt.
1256 532 1324 587 Cum
1337 532 1470 587 sintenim
1480 532 1603 602 plerique
1612 531 1730 588 eclesiae
1739 543 1788 590 aut

148 644 195 683 tuo
208 627 413 697 metropolitano
424 636 556 695 oportune
574 627 655 682 annis
666 625 778 697 singulis
791 625 938 681 secundum
988 625 1054 680 nibil
1068 632 1114 680 ant
1126 640 1221 693 pamm
1233 622 1296 694 quid
1310 622 1429 678 exterius
1437 623 1579 688 babentes,
1593 624 1627 680 de
1637 623 1703 684 solis
1712 625 1786 681 deci·

146 717 303 774 eanonicam
316 718 522 785 anctoritatem
545 719 590 774 cui
615 719 760 775 conventui
782 720 790 750 ¹
808 719 940 774 interesse
988 717 1077 773 miset
1087 716 1268 773 oblationibus
1279 715 1396 772 bdelium
1409 723 1547 772 census'et
1559 716 1681 773 diuersos
1693 725 1788 788 pastun

149 815 252 881 eportet
277 808 390 863 abbates
418 816 474 863 tam
497 809 643 866 canonicos
669 825 750 879 quam
775 809 940 865 monasticos
987 808 1138 880 presbyteri
1151 823 1254 873 earum,
1268 807 1314 879 qui
1323 807 1369 862 vix
1379 807 1477 863 ibidem
1486 807 1577 863 uivere
1587 819 1713 878 possunt,
1727 811 1790 865 red-

144 901 246 970 absque
258 898 312 953 ulla
321 899 514 955 subtractione.
525 899 559 954 Et
569 900 593 955 si
602 899 730 970 possibile
744 907 786 954 est
798 907 844 954 aut
856 899 940 968 impe-
988 901 1053 957 dere
1066 901 1272 970 compelluntur.
1297 900 1371 955 llaec
1383 914 1448 956 uero
1458 900 1550 956 omnia
1572 916 1642 972 quae
1655 903 1720 958 inde
1730 903 1789 960 exi·

145 986 205 1041 riali
224 986 335 1042 seruitio
351 1002 406 1042 non
424 986 595 1044 detineantur
607 988 628 1053 ¹,
649 987 740 1044 adsint
760 988 841 1042 etiam
856 988 940 1043 c'omi-
989 1007 1053 1064 gere
1067 991 1163 1056 solent,
1179 991 1279 1048 nonde
1292 1007 1341 1047 suo
1354 989 1597 1061 aliquobenedclo,
1623 993 1671 1050 scd
1683 994 1787 1051 solum·

145 1083 205 1138 tes;
229 1074 301 1145 quod
322 1075 344 1130 si
357 1075 396 1130 illi
409 1074 552 1142 defuerint,
577 1075 667 1131 adsint
687 1089 781 1132 eorum
793 1076 853 1131 vice
872 1076 940 1132 tales
989 1081 1070 1137 modo
1088 1081 1121 1137 de
1138 1081 1218 1136 altari
1236 1089 1264 1136 et
1282 1081 1432 1151 parictibus
1452 1081 1585 1139 eeclesiam
1602 1083 1638 1140 ab
1659 1084 1789 1157 episcopo

143 1167 230 1232 missi,
244 1166 290 1236 qui
307 1167 454 1238 adimplere
470 1167 576 1221 valeant
593 1181 778 1237 quaecumque
788 1167 863 1223 utilia
879 1182 941 1223 cor-
991 1167 1047 1224 Deo
1057 1165 1153 1223 dicatis
1167 1166 1225 1222 dari
1239 1168 1291 1222 sibi
1304 1174 1397 1238 agunt.

143 1258 248 1330 rigendi
265 1259 354 1315 studio
370 1261 516 1315 secundum
535 1260 656 1331 regulam
673 1258 879 1316 christianitatis
890 1259 940 1314 ibi·
1026 1258 1052 1315 6.
1065 1258 1132 1327 Quia
1147 1267 1210 1314 sunt
1224 1258 1252 1313 iu
1264 1258 1402 1330 plerisque
1422 1257 1489 1315 locis
1503 1258 1676 1329 parricidae*
1699 1268 1727 1317 et
1743 1277 1788 1320 ce·

143 1348 206 1404 dent
218 1349 325 1404 inventa
344 1348 455 1405 luerint.
479 1347 548 1404 Sunt
568 1358 658 1404 autem
672 1349 804 1419 plurimae
824 1347 941 1404 necessi-
991 1351 1043 1406 teri
1054 1349 1205 1407 homicidae
1218 1351 1259 1405 vel
1274 1351 1384 1423 reliquis
1393 1352 1555 1422 capitalibus
1565 1353 1726 1411 criminibus
1739 1356 1790 1412 itu-

143 1446 217 1494 tates
226 1453 296 1509 quae
306 1439 384 1494 aliter
392 1440 530 1495 emendari
542 1457 595 1497 nou
611 1450 725 1511 possunt
744 1440 796 1496 uisi
809 1440 836 1494 in
848 1439 942 1494 buius·
990 1441 1093 1512 plicati,
1106 1441 1153 1512 qui
1167 1442 1342 1512 penitentiam
1357 1443 1492 1512 publicam
1508 1458 1589 1514 agere
1599 1453 1787 1510 contemnunt,

143 1529 217 1586 modi
234 1539 387 1597 conuentu;
413 1532 460 1602 qui
474 1539 564 1586 tamen
587 1538 736 1587 contentus
748 1545 802 1601 quo
820 1538 941 1599 tempore
992 1532 1142 1603 quintiquc
1154 1532 1328 1602 reipublicae
1340 1533 1504 1590 utilitatibus
1519 1535 1627 1591 inutiles
1644 1544 1727 1605 sunt;
1743 1553 1790 1593 stt-

145 1619 204 1676 lteri
226 1619 342 1686 debeat,
372 1621 590 1677 consideratione
613 1621 812 1691 metropolitani
834 1630 941 1678 restrae
991 1638 1041 1694 per
1055 1624 1272 1694 quibusuecesse
1288 1630 1340 1690 est,
1353 1631 1384 1679 ut
1397 1632 1486 1680 restra
1500 1624 1633 1682 celsitudo
1644 1626 1791 1683 comitibus

143 1713 237 1784 pietati
248 1710 471 1767 innotescendum
483 1719 535 1777 est,
549 1713 620 1782 quod
628 1712 737 1783 plenius
749 1719 838 1768 restra
850 1720 943 1768 aucto-
957 1705 1152 1784 Bpraccipiat,
1168 1720 1301 1783 quatenus
1311 1712 1446 1783 episcopis
1463 1712 1628 1771 adiutorium
1647 1713 1746 1782 lerant,
1759 1723 1790 1771 ut

146 1802 227 1857 ritate
240 1803 251 1834 ⁸
263 1804 296 1858 ad
314 1815 376 1857 eum
393 1802 580 1857 conueniatur.
991 1821 1039 1862 eos
1048 1804 1195 1861 monnicae
1205 1805 1370 1876 penitentiae
1382 1806 1498 1862 subdere
1509 1806 1628 1862 ualeant.

180 1892 208 1948 ι.
223 1892 258 1949 llt
271 1891 451 1947 ministerium
464 1892 630 1948 sacrosancti
643 1892 813 1963 baptismatis
822 1908 875 1949 nou
884 1891 942 1949 ubi·
1026 1895 1052 1950 l.
1069 1895 1105 1953 Ut
1124 1895 1250 1967 aequales
1268 1910 1412 1952 mensurae
1431 1904 1459 1952 et
1481 1897 1593 1954 iustae⁸
1612 1898 1640 1954 ln
1660 1898 1788 1962 omnibus

145 2001 261 2056 eumque
287 1999 337 2040 nec
363 1984 605 2056 quandocumque,
635 1992 749 2055 excepta
773 1983 941 2039 infirmorum
990 1987 1137 2057 provinciis
1159 1987 1264 2058 imperii
1284 1988 1367 2042 vestri
1386 1983 1442 2043 rint
1466 1988 1615 2045 secuudum
1628 1989 1715 2061 legem
1737 1988 1790 2046 [io

145 2093 238 2144 causa,
262 2077 310 2133 sed
330 2076 462 2147 praediis
481 2092 496 2132 a
515 2076 618 2133 sanctis
638 2077 763 2148 patribus
776 2076 943 2147 temporibus
991 2079 1058 2136 mini
1071 2078 1206 2135 iubentis:
1224 2077 1265 2135 Sit
1279 2078 1327 2134 tili
1337 2095 1436 2152 aequus
1456 2079 1560 2136 modist
1575 2081 1710 2153 irataeque
1731 2097 1791 2137 tec·

144 2167 254 2239 petitus
271 2167 431 2224 celebretur.
451 2166 538 2222 Aliter
560 2167 668 2223 enimsi
683 2166 823 2222 actitatum
849 2164 941 2231 luerit,
992 2171 1086 2224 ιινίιι.
1101 2168 1272 2241 Quapropter
1282 2169 1466 2228 diversitatem
1484 2185 1675 2228 mensurarum
1688 2173 1792 2228 umul-

145 2262 234 2317 bonor
252 2260 321 2316 tanti
334 2259 496 2315 sacramenti
507 2269 535 2313 et
552 2259 640 2315 debita
666 2257 816 2314 reuerentia
837 2264 864 2312 et
876 2271 944 2312 cura
992 2258 1028 2314 tis
1039 2273 1171 2330 pauperes
1183 2258 1261 2314 taldc
1275 2266 1433 2330 gravantur.
1447 2259 1551 2316 Census
1568 2268 1660 2316 tamen
1673 2260 1792 2334 singola·

145 2361 174 2408 et
198 2352 335 2424 diligentia
361 2362 389 2408 et
412 2351 528 2409 eruditio
555 2351 660 2422 pariter
680 2352 811 2407 vilescere
838 2357 943 2406 certum
992 2367 1053 2408 rum
1067 2350 1266 2420 provinciarum
1291 2351 1440 2421 antiquitus
1463 2352 1627 2408 constitutus
1649 2353 1731 2409 buius
1752 2351 1793 2410 tei

147 2452 200 2502 cst.
993 2443 1137 2498 occasione
1145 2442 1309 2513 pauperibus
1319 2457 1372 2497 nou
1388 2450 1528 2513 augeatur.

181 2537 208 2592 3.
227 2535 276 2591 Est
287 2536 395 2607 quidem
409 2534 487 2591 valde
500 2535 684 2592 necessarium
696 2542 725 2590 et
734 2548 840 2598 summa
852 2547 945 2589 emcn-
1029 2534 1056 2590 8.
1076 2532 1219 2588 Postulaut
1234 2540 1262 2587 et
1284 2542 1395 2589 monent
1413 2544 1539 2592 oratores
1555 2537 1649 2602 vestri,
1673 2545 1704 2593 ut
1721 2538 1793 2594 inter

145 2626 255 2684 datione
271 2627 394 2698 dignum,
406 2635 433 2683 et
444 2626 513 2684 illud
525 2641 697 2697 nequaquam
711 2624 878 2696 neglegatur,
892 2624 945 2680 sic·
994 2634 1084 2681 cetera
1102 2638 1172 2695 quac
1190 2625 1269 2695 digne
1283 2624 1338 2681 Deo
1355 2625 1445 2697 agitis,
1459 2625 1493 2682 ad
1512 2641 1610 2683 causus
1625 2628 1794 2684 necessarias

146 2727 177 2773 ut
199 2718 331 2774 hactenus
344 2732 414 2789 pene
433 2719 467 2774 ab
480 2717 606 2773 omnibus
629 2716 781 2787 neglectum
803 2723 854 2781 est,
868 2716 944 2786 quasi
995 2714 1154 2771 eclesiarum
1172 2721 1199 2768 et
1218 2729 1368 2786 pauperum
1391 2716 1553 2786 aliquotiens
1576 2717 1727 2775 audiendas
1746 2728 1794 2774 aut

146 2823 199 2864 non
211 2808 304 2863 minus
315 2809 499 2864 necessarium
510 2809 546 2864 sit
556 2809 583 2863 in
597 2823 651 2879 quo
662 2816 773 2864 nostrae
787 2807 947 2878 redemptio-
995 2807 1189 2862 examinandas
1208 2815 1318 2877 propter
1339 2818 1460 2862 amorem
1478 2807 1526 2862 liei
1549 2808 1696 2863 assumatis
1718 2806 1794 2864 labo-

146 2900 189 2958 nis
200 2900 273 2956 salus
285 2907 314 2954 et
324 2900 420 2957 salutis
434 2916 539 2957 summa
553 2901 687 2967 consistit,
703 2900 729 2955 id
743 2901 946 2958 estcommunio
996 2913 1065 2965 rem,
1079 2898 1141 2969 quis
1157 2897 1288 2969 perfectio
1304 2896 1449 2952 ministcril
1466 2897 1550 2953 vestri
1566 2897 1685 2952 maxime
1702 2898 1730 2953 in
1744 2898 1795 2953 bu·

146 2992 219 3048 sacri
234 2990 357 3062 corporis
371 2999 398 3046 et
417 2991 556 3063 sauguinis
572 2989 674 3047 domini
696 2991 781 3047 nostri
794 2991 853 3047 iesu
866 2990 946 3047 Cbrl·
997 2987 1144 3047 luscemcdi
1162 2988 1287 3044 consistit
1299 2985 1397 3044 officio.
1415 2987 1474 3043 Erit
1489 2988 1562 3044 enim
1575 3002 1658 3058 opere
1669 2988 1794 3060 precium

146 3082 192 3149 ttl,
207 3081 253 3154 qui
263 3082 301 3137 ait
315 3100 322 3137 ι
339 3081 399 3137 Nisi
410 3082 630 3137 manducaveritis
641 3096 746 3138 carnem
765 3080 816 3153 filii
830 3083 942 3139 bominis
956 3057 980 3123 (ἶ
994 3079 1028 3136 ad
1040 3093 1134 3136 omnes
1145 3079 1317 3135 iudicesbuic
1328 3078 1416 3134 cilicio
1428 3079 1552 3150 puriores
1562 3086 1645 3150 atque
1655 3079 1794 3151 mebores.

129 3184 172 3245 >et
185 3173 301 3229 biberitis
313 3174 370 3228 eiua
382 3173 547 3244 sanquinem,
563 3173 756 3229 noninieiitir
768 3173 847 3228 citam
860 3174 888 3228 is
900 3190 945 3229 to-
1030 3170 1058 3227 9.
1077 3170 1116 3225 lle
1135 3168 1304 3226 institutione
1322 3169 1394 3226 uitae
1413 3168 1619 3237 canonicorum,
1637 3184 1720 3241 quam
1739 3171 1796 3229 lieu

147 3264 197 3318 bin.
212 3262 289 3320 Unde
307 3262 434 3320 monendi
445 3272 508 3319 sunt
519 3272 599 3334 atque
612 3264 764 3321 instruendi
773 3280 868 3322 omncs
880 3265 946 3322 lldc·
994 3263 1144 3333 inspirante
1163 3272 1192 3317 et
1212 3261 1418 3319 administrante
1435 3263 1480 3332 pia
1497 3262 1684 3320 misericordia
1702 3273 1795 3321 vestra

146 3353 197 3419 les,
211 3361 241 3408 ut
254 3352 376 3409 mundati
392 3360 420 3407 et
429 3352 574 3423 purillcati,
592 3361 620 3408 et
633 3353 724 3425 sepius
734 3355 944 3421 communicent,
995 3353 1140 3419 ordinarit,
1158 3361 1188 3408 ut
1201 3367 1296 3409 omnes
1317 3353 1388 3409 idem
1406 3354 1535 3419 sentiant,
1549 3360 1578 3408 et
1589 3353 1670 3410 buius
1681 3368 1796 3426 propriu

147 3452 176 3499 et
186 3453 342 3500 reverenter
362 3443 397 3499 ad
410 3443 497 3514 ipsam
518 3444 735 3501 communionem
748 3447 887 3512 accedant,
912 3461 947 3502 ue
995 3445 1203 3516 metropolitano
1226 3459 1293 3502 cura
1312 3443 1459 3518 delegetur,
1479 3453 1613 3516 quatenus
1632 3445 1661 3501 in
1678 3445 1796 3518 siugulis

148 3536 297 3593 secuudum
308 3535 461 3606 apostolum
479 3535 602 3592 iuditium
619 3536 671 3592 sibi
691 3537 853 3595 manducent
867 3548 894 3594 et
907 3539 947 3595 bi·
996 3535 1064 3592 locis
1075 3536 1238 3607 ubicumque
1253 3535 1402 3592 secuudum
1420 3535 1567 3594 iussionem
1584 3545 1705 3594 nestram
1721 3552 1797 3596 eum-

152 3628 229 3683 bant.
995 3629 1068 3700 pleta
1087 3637 1138 3695 est,
1156 3627 1276 3699 perlecto
1292 3629 1476 3696 custodiatur;
1492 3636 1519 3683 et
1533 3628 1579 3685 ubi
1593 3629 1710 3685 necdum
1727 3644 1796 3686 coa·

184 3718 212 3772 i.
233 3718 268 3775 Ut
279 3718 435 3775 sacerdotes
448 3719 564 3785 bomini,
580 3721 703 3792 quisunt
725 3725 888 3782 mediatores
908 3724 948 3779 in·
996 3728 1132 3776 summata
1147 3727 1199 3787 est,
1215 3719 1383 3790 providentia
1400 3726 1427 3774 et
1443 3720 1540 3776 studiis
1555 3704 1725 3791 perficiatur.
1744 3719 1797 3778 ilic

150 3820 193 3866 ter
205 3811 288 3866 ileum
300 3819 327 3866 et
339 3811 471 3878 homines,
487 3827 535 3884 per
555 3829 623 3884 quos
637 3815 760 3872 homiues
784 3817 840 3873 lico
854 3830 948 3874 recon-
996 3811 1070 3867 enim
1091 3819 1119 3865 ct
1142 3809 1335 3882 congruentius
1355 3817 1453 3867 celetis
1470 3810 1561 3867 missis
1580 3826 1645 3875 suot
1662 3809 1797 3884 lufirm-

148 3902 284 3966 clliztntur,
309 3908 387 3957 tanto
400 3902 539 3973 despectui
560 3920 614 3961 non
636 3905 805 3975 babeantur;
828 3907 874 3964 sed
898 3923 948 3979 pro
998 3917 1064 3958 neos
1082 3901 1212 3958 witoni&
1230 3902 1393 3958 auclorlltle
1415 3903 1508 3959 tedt¹¹⁰
1527 3903 1673 3961 admonere
1693 3911 1794 3975 Ρθῑὸῑ,

150 4005 244 4045 amore
254 3998 281 4046 et
288 3991 439 4046 reuerentia
451 3992 497 4047 Dei
510 3993 691 4050 ministerium
701 4009 807 4052 sacrum
818 3998 890 4066 quod
899 4011 949 4069 per
997 4002 1097 4049 ettam
1116 4008 1165 4063 per
1178 4007 1207 4048 se
1220 4007 1301 4063 quam
1317 4008 1367 4064 per
1383 3992 1481 4049 missos
1498 4009 1514 4048 a
1531 4008 1561 4049 se
1574 3992 1733 4064 irequenter
1749 3995 1796 4050 de·

149 4096 197 4139 eos
211 4083 268 4138 Deo
289 4084 380 4139 exibet
403 4083 510 4150 eclesia,
530 4086 557 4141 in
581 4087 621 4143 eis
644 4087 801 4155 honoretur,
822 4097 850 4144 et
863 4091 948 4145 uta·
996 4085 1130 4150 stinatos,
1156 4083 1319 4153 ubicumque
1346 4083 1534 4140 emendatione
1563 4091 1652 4153 egeat,
1681 4087 1794 4164 perqui-

149 4179 206 4235 suis
220 4178 326 4236 eclesiis
337 4188 394 4235 tam
409 4180 513 4236 inlicito
524 4196 592 4237 ausu
604 4183 638 4237 ad
648 4182 783 4238 exteriora
794 4183 948 4256 peragenda
998 4179 1092 4244 rendo,
1104 4177 1219 4233 sollicita
1232 4176 1449 4247 investigatione,
1461 4176 1577 4246 qualiter
1589 4178 1617 4233 in
1628 4177 1698 4234 locis
1706 4178 1795 4236 catul-

150 4282 204 4322 non
216 4268 375 4335 mittantur;
394 4268 457 4338 quia
468 4269 580 4339 proinde
597 4279 624 4326 et
644 4287 712 4342 opus
725 4271 846 4327 ditinum
860 4274 950 4344 negle-
998 4271 1049 4328 bus
1060 4276 1191 4335 serretur,
1206 4267 1336 4324 invenire.

149 4356 232 4426 gitur,
247 4365 274 4412 et
289 4355 407 4414 inientes
427 4359 487 4414 siue
510 4359 638 4429 baptismi
660 4362 758 4432 gratia,
783 4369 811 4417 et
824 4363 987 4464 homines„
1016 4381 1245 4440 gopgqqngqo
1270 4381 1315 4435 pp]
1337 4376 1577 4438 coquqfflqqppus
1599 4377 1777 4438 ppcfflm.

151 4444 210 4500 sine
228 4444 398 4503 consessione
414 4447 483 4502 mori
499 4447 596 4504 solent.
618 4448 702 4505 Cuius
719 4465 819 4507 causac
839 4452 946 4523 pericu-
1187 4450 1373 4509 scoeoutttt
1391 4449 1562 4506 babebitis
1575 4464 1601 4505 ι.

150 4537 207 4593 lum
219 4544 247 4592 ιι
257 4537 285 4593 in
301 4553 349 4594 cos
362 4539 408 4610 qui
426 4538 512 4597 asuis
523 4539 630 4597 eclesiis
641 4554 689 4597 eos
709 4541 851 4611 advocant,
876 4552 904 4599 ct
917 4546 945 4601 in
1085 4556 1217 4598 contrusa
1236 4557 1252 4596 r
1271 4554 1384 4596 ιιιιιιιιο
1402 4555 1560 4597 auunowtco
1578 4555 1661 4596 retra
1682 4539 1706 4595 ⁹.

151 4627 303 4698 episcopos,
320 4644 436 4699 quorum
450 4631 537 4687 vicem
549 4647 630 4701 agere
651 4632 760 4702 debent,
783 4636 946 4694 miserabili·
1032 4634 1112 4690 Anno
1126 4634 1147 4665 ¹⁰
1158 4640 1235 4689 sexto
1248 4631 1353 4689 decimo
1367 4640 1498 4705 regnante
1507 4632 1608 4689 domno
1619 4641 1717 4690 nostro
1730 4632 1794 4690 lilt-

153 4726 197 4776 ter
209 4728 395 4793 retorquetur.
998 4727 1113 4792 donico,
1127 4732 1275 4782 contentus
1291 4724 1479 4796 episcoporum
1490 4724 1571 4783 debet
1589 4725 1650 4782 lieri
1667 4727 1698 4782 in
1712 4734 1793 4798 quat·

186 4810 214 4866 5.
226 4810 262 4868 ttt
271 4827 334 4886 erga
346 4812 459 4871 eclesias
476 4814 598 4886 piissima
611 4816 796 4875 misericordia
815 4825 905 4875 restra
918 4820 945 4877 ld
998 4828 1062 4876 tuor
1081 4819 1157 4882 locis,
1180 4818 1261 4874 idest
1276 4817 1455 4889 Magontiaco,
1473 4819 1502 4875 in
1518 4834 1573 4891 quo
1590 4820 1636 4876 istl
1659 4818 1793 4890 atebiepl·

151 4900 288 4972 quodiam
301 4900 401 4960 dudum
414 4905 468 4961 beo
479 4904 627 4976 inspirante
639 4907 743 4972 statuit,
757 4907 896 4964 obseruari
910 4910 945 4965 ab
999 4913 1074 4983 scopi
1089 4927 1152 4967 cum
1166 4926 1261 4966 eorum
1282 4908 1460 4983 sullrsgancis
1481 4911 1628 4970 contenire
1645 4911 1749 4969 debent
1759 4910 1790 4976 ¹¹,

151 4993 277 5050 omnibus
287 4994 397 5061 iubeat,
417 4995 545 5066 quoniam
559 4994 681 5066 plerique
695 5007 758 5067 post
770 5013 877 5055 sacram
891 5002 946 5058 ius-
999 5003 1171 5060 bdutcarius
1187 5004 1220 5069 ¹¹,
1239 5013 1251 5041 ι
1268 5001 1452 5070 lladebaldus,
1469 5004 1483 5045 ἃ
1497 5005 1585 5072 ttetu,
1606 5005 1791 5064 menorans.

774 5132 972 5197 tumidius
984 5140 1184 5198 tuctturtttS.

184 5245 362 5328 jcontcntos
380 5246 405 5300 l.
453 5246 674 5304 'detineaturb
721 5248 941 5312 'auctoritasb
984 5254 1044 5311 ‘ad
1065 5257 1090 5312 l.
1139 5256 1328 5312 'nostraml
1378 5255 1480 5326 ‘quod
1503 5258 1529 5313 l.
1577 5258 1776 5329 'parricidii

183 5323 254 5370 ruste
271 5315 298 5370 l.
334 5315 697 5389 ·tta2.5.(btottrouuico).
737 5320 1069 5381 ”conueniet-tt).
1109 5328 1129 5358 ¹¹
1143 5327 1171 5383 d.
1183 5337 1230 5382 aut
1245 5325 1394 5383 uicariisii.
1434 5327 1655 5400 ¹¹audgariust.
1767 5388 1778 5403 ,

916 5432 1032 5492 Note.

191 5540 204 5568 ι
222 5528 262 5582 Er
274 5523 340 5591 dod,
353 5523 380 5591 2,
394 5525 421 5590 5,
431 5523 506 5580 tto.
1036 5525 1048 5565 d
1068 5525 1294 5596 Archiepiscopus
1308 5526 1486 5584 Trevirensis.
1500 5527 1539 5583 ln.

191 5597 206 5636 t
224 5597 448 5666 brebiepiscopus
464 5593 645 5663 Moguntinus.
665 5593 761 5647 Brute.
1037 5610 1048 5636 ·
1065 5597 1291 5667 Ateltiepisoopns
1307 5598 1593 5657 vesontionensium.

192 5677 203 5705 ⁸
221 5666 445 5735 brobiepisctpus
457 5663 635 5721 Coloniensis·
655 5663 693 5718 ln.
