3826 6112
136 315 191 371 169

516 318 629 375 conca
649 322 908 378 ntreotttnctts.
922 351 955 360 --
972 319 1210 376 cartrdtanta.
1224 351 1259 361 —
1270 321 1320 375 Aa.
1344 322 1405 378 789.

1718 325 1768 376 titt

134 433 243 502 puplice
254 447 309 486 non
335 440 482 487 recitentur
497 443 559 488 ante
575 451 682 504 precem
697 437 888 492 sacerdotalem
899 451 922 489 ι.
937 443 962 499 Α
1011 434 1147 488 Etnseorts
1161 434 1180 485 ³.
1196 464 1230 473 -
1243 434 1287 488 58.
1302 435 1367 488 ltent
1378 435 1548 497 eiusdemm
1563 437 1585 489 si
1600 435 1661 504 quis
1681 451 1770 494 saecr-

174 522 314 576 Ertscorts
329 522 348 586 ¹,
364 537 571 579 sacenoortaes.
588 556 622 565 -
642 525 686 579 55.
701 525 766 581 ltem
781 527 901 582 eiusdem
916 529 926 558 ¹

135 621 170 666 ιιι
182 611 248 665 nulli
260 613 431 669 sacerdotum
444 613 523 669 liceat
534 616 659 685 ignorare
673 625 827 672 sanctorum
845 633 928 673 cane

136 716 203 754 num
215 701 340 756 instituta
356 702 381 755 b.

174 788 322 844 Ertseorrs.
338 821 373 831 —
382 790 417 844 56
431 790 452 844 ⁸.
467 792 495 845 ln
505 792 621 848 decretis
635 794 731 850 Leonis
744 810 837 864 papae,
858 797 928 852 sieut

133 886 166 931 et
179 877 205 930 in
217 875 377 934 Sardiccnse
396 881 520 946 coneilio,
535 891 565 937 ut
579 884 697 954 episcopi
717 886 828 942 alterius
848 888 928 941 eleri-

134 981 201 1020 cum
214 967 289 1022 adse
307 985 360 1024 non
374 970 529 1037 sollicitent,
545 987 596 1027 nee
606 974 731 1030 ordinent
742 986 765 1028 ι.

174 1057 311 1114 Eatscorts
324 1059 345 1112 ⁸.
354 1090 391 1100 -
402 1060 446 1114 57.
460 1060 526 1116 itero
540 1062 671 1128 eiusdem,
682 1064 812 1125 utnullus
821 1065 926 1134 episco

133 1148 427 1214 pusservumaltcrius
446 1148 480 1203 ad
498 1149 641 1205 clericatus
659 1149 775 1206 odicium
796 1152 855 1207 sine
880 1153 926 1207 do

134 1235 204 1289 enini
222 1237 265 1290 sui
288 1237 425 1293 voluntate
445 1253 604 1308 protnovere
625 1249 787 1309 praesumat.
813 1242 847 1295 Et
875 1242 925 1296 laec

133 1321 311 1394 Gattgarense
325 1327 468 1382 concilium
482 1328 606 1398 probibet
615 1328 640 1381 d.

980 524 1073 578 dotum
1094 532 1188 577 contra
1215 525 1361 579 constituta
1384 525 1528 579 decretalia
1555 526 1769 596 praesumptiose

980 622 1051 683 agat,
1077 623 1105 667 et
1128 613 1228 683 corrigi
1256 614 1350 669 nolens
1369 614 1389 670 ⁶.
1413 615 1447 669 ab
1471 613 1629 670 officiosae
1660 616 1770 670 submo-

980 710 1074 756 veatur
1090 715 1113 756 ι.

1013 791 1179 846 terasconst.
1195 823 1229 832 -
1243 793 1286 847 59.
1310 792 1339 846 ln
1360 794 1476 848 decretis
1498 793 1597 848 Gelasii
1617 809 1713 864 papae,
1739 804 1768 850 ut

980 880 1069 935 nullus
1080 881 1221 951 episcopas
1236 882 1330 936 viduas
1343 883 1433 939 velare
1444 893 1598 953 praesumat
1612 885 1623 914 ⁸
1642 883 1663 937 i.

1014 969 1151 1024 Ertscorts
1168 970 1189 1021 ’.
1208 1001 1244 1010 -
1263 971 1334 1026 llaee
1350 972 1430 1035 eninr,
1451 972 1627 1036 dilectissimi,
1643 974 1689 1043 pio
1712 983 1769 1028 stu·

979 1060 1023 1114 die
1040 1069 1066 1114 et
1076 1075 1172 1130 taragna
1185 1060 1336 1116 dilectionis
1358 1062 1506 1117 intentione
1529 1072 1648 1117 vestram
1663 1062 1767 1116 uniani-

979 1149 1100 1202 mitatem
1120 1164 1274 1205 ammonere
1287 1149 1448 1215 studuimus,
1460 1166 1529 1220 quac
1542 1153 1628 1220 magis
1639 1166 1766 1206 neeessa-

978 1241 1018 1294 ria
1031 1242 1200 1305 videbantur,
1215 1249 1244 1295 ut
1253 1250 1406 1296 sanctorum
1422 1251 1528 1311 patrum
1541 1242 1678 1297 canonicis
1689 1241 1769 1297 insti-

979 1330 1044 1384 tutis
1060 1330 1240 1394 inhaerentes,
1266 1331 1385 1398 praemia
1401 1346 1462 1385 ιιι]
1479 1331 1532 1386 illis
1544 1342 1670 1388 aeternae
1685 1330 1768 1386 fclici-

744 1463 939 1519 lelleTlJS
957 1462 1157 1520 catalenus

175 1570 354 1628 *aaran
393 1571 441 1625 ¹in
455 1571 571 1626 decretis
585 1571 712 1627 Celcstini
723 1588 806 1641 papae
820 1573 852 1625 B.
890 1573 985 1645 ’capp
1005 1573 1239 1629 attenderant.
1277 1576 1413 1629 ‘deeset
1453 1577 1545 1630 ‘deest
1563 1577 1588 1628 l.
1627 1577 1766 1631 ‘nolesi

132 1645 145 1676 ¹
161 1644 227 1698 item
240 1644 266 1696 l.
303 1642 315 1673 ⁸
330 1641 372 1695 tic
383 1639 419 1695 25
431 1640 525 1711 eisque
537 1641 702 1696 distinctione
711 1651 819 1711 perpetrat
833 1643 909 1695 codd.
924 1643 949 1708 l,
964 1645 990 1698 l.
1035 1644 1046 1674 ⁹
1060 1645 1124 1698 item
1138 1645 1188 1698 alia
1201 1645 1317 1714 capitula
1334 1647 1360 1699 b.

893 1771 1007 1826 ΝΟΜ.

130 1910 222 1967 altare
238 1906 396 1968 recitentur.
417 1921 426 1955 t
449 1903 588 1958 Ponebant
608 1917 691 1972 super
709 1901 794 1955 altare
817 1902 926 1956 noratina
976 1903 1039 1957 libri
1052 1904 1216 1973 descriptum
1236 1920 1270 1959 ex
1288 1905 1403 1975 quodam
1429 1904 1513 1959 veteri
1536 1903 1644 1971 Codice,
1669 1907 1695 1961 in
1711 1925 1764 1978 quo

132 1994 197 2051 qua
210 1975 346 2032 recitanda
362 1983 449 2037 crant,
473 1982 503 2026 ut
518 1981 592 2042 patet
605 1986 636 2026 er
650 1971 736 2026 veteri
759 1970 857 2026 Codice
876 1971 928 2025 Co·
977 1974 1105 2028 tribuitur
1124 1976 1186 2029 huic
1210 1974 1299 2029 liloro.
1323 1976 1363 2029 Ex
1382 1989 1436 2044 quo
1449 1974 1625 2029 confirmatur
1646 1977 1673 2031 id
1692 1983 1766 2047 quod

132 2048 252 2107 leniettsi
266 2060 344 2114 qoem
355 2042 490 2097 Parnelius
502 2042 592 2097 laudat
604 2043 632 2096 in
651 2053 725 2096 tome
738 2041 857 2096 secundo
882 2041 926 2094 li·
975 2045 1132 2098 ailnotatum
1149 2043 1198 2098 luit
1210 2045 1237 2097 in
1257 2044 1374 2106 Petavio,
1392 2053 1421 2099 ut
1445 2045 1570 2099 deinceps
1585 2045 1685 2117 ambigi
1708 2065 1763 2105 non

133 2118 259 2189 torgieon
272 2114 398 2170 Ecclesiae
407 2113 518 2178 Latinae,
528 2127 589 2182 pag.
599 2112 658 2176 tao,
668 2111 714 2166 ubi
724 2111 760 2166 ita
770 2111 924 2182 legebatur:
974 2113 1061 2182 possit
1072 2115 1136 2182 quin
1150 2115 1185 2167 sit
1199 2114 1282 2168 Flori.
1296 2115 1395 2168 Biton.

136 2209 148 2242 ι
163 2190 308 2250 ilemento,
323 2183 443 2245 Domine,
465 2181 624 2237 latunlorum
640 2181 855 2249 famularumque
867 2189 926 2234 tua·
1011 2194 1023 2221 ο
1040 2181 1187 2254 (lanecent.
1202 2201 1259 2253 cap.
1278 2183 1317 2255 ι.)
1333 2185 1370 2238 De
1383 2183 1537 2238 nominibus
1548 2198 1611 2240 vero
1622 2188 1766 2246 recitandis

133 2275 196 2314 rum
212 2267 240 2311 et
269 2270 362 2310 eorum
390 2267 504 2321 qnorum
531 2254 639 2307 nemina
660 2253 694 2307 ad
720 2251 923 2306 memorandum
975 2261 1119 2321 antequam
1135 2268 1243 2323 precem
1257 2255 1381 2309 sacerdos
1399 2253 1489 2318 iaciat,
1501 2260 1766 2323 atqueeoruntobia-

133 2327 357 2396 conscripsimus,
370 2339 402 2378 ae
414 2337 494 2392 super
513 2329 634 2376 sanctum
655 2323 741 2376 altare
763 2331 837 2375 tuum
859 2336 924 2375 con-
941 2317 1073 2387 Btioues,
1087 2338 1202 2391 quornm
1216 2324 1325 2379 rtotnina
1338 2323 1477 2379 recitanda
1490 2333 1563 2390 sunt,
1578 2340 1626 2379 sua
1643 2329 1766 2386 oratione

132 2398 237 2468 scripta
250 2395 345 2450 adesse
358 2393 491 2448 ridentur.
507 2411 517 2443 a
531 2390 595 2458 Quae
615 2392 697 2446 verba
723 2391 820 2461 legisse
844 2405 874 2445 se
894 2393 921 2444 in
974 2395 1154 2457 eetnntcndet,
1169 2408 1248 2462 quam
1265 2393 1428 2462 superllnmn
1451 2393 1496 2456 sit,
1523 2402 1550 2448 et
1575 2394 1632 2464 ipse
1650 2413 1700 2467 pro
1720 2407 1765 2454 tna

131 2468 239 2536 aliquot
253 2465 372 2534 antiquis
382 2463 524 2519 Cotticibns
536 2462 619 2517 relert
629 2461 774 2516 enatarentis
782 2460 921 2525 doctrinae,
972 2462 1116 2532 prodentia
1126 2464 1298 2534 recognoscis
1308 2480 1315 2528 ;
1327 2472 1355 2517 ut
1365 2462 1442 2531 cuius
1453 2463 1568 2517 bostiam
1580 2466 1693 2522 necdum
1709 2469 1765 2524 Deo

152 2537 254 2601 ietatis,
277 2534 469 2604 dignitatisque
485 2547 517 2587 ac
539 2531 699 2586 immortalis
722 2530 859 2586 memoriae
880 2531 923 2584 vir
973 2532 1082 2597 oderas,
1097 2532 1155 2601 ejus
1174 2548 1270 2588 trenten
1287 2542 1349 2587 ante
1372 2533 1503 2596 insinues,
1527 2537 1650 2602 quamvis
1686 2539 1762 2594 ineo

185 2621 253 2662 unes
264 2605 349 2669 Βιιι,
364 2602 516 2666 cardinalis,
535 2600 581 2656 lib.
599 2617 629 2665 rt,
657 2600 734 2655 bitur
754 2640 773 2666 .,
792 2615 851 2670 cap.
878 2599 922 2654 ll.
973 2603 1077 2672 gnitum
1090 2604 1127 2658 illi
1144 2604 1210 2659 nibil
1222 2605 1266 2660 sit.
1283 2604 1362 2659 Prius
1376 2617 1440 2673 ergo
1453 2602 1602 2660 oblationes
1615 2615 1678 2660 sunt
1691 2623 1764 2663 eont-

132 2677 272 2733 Probatur
289 2675 369 2729 etiam
388 2673 458 2728 istud
476 2686 507 2726 ex
536 2671 719 2726 vetustissimo
735 2616 813 2726 illua
832 2685 923 2751 sacra:
974 2673 1141 2738 mendandae,
1156 2690 1188 2730 ae
1200 2682 1265 2729 tunc
1279 2688 1371 2729 eorum
1386 2673 1495 2727 uotttina
1516 2688 1640 2742 quorum¹
1651 2677 1764 2732 oblatio-

131 2756 289 2803 meatorum
299 2743 458 2799 monasterii
471 2741 636 2796 Gelloncnsis
648 2741 676 2795 in
688 2739 864 2810 Septimania,
877 2741 923 2795 abt
974 2757 1023 2797 nes
1039 2752 1102 2797 sunt
1119 2745 1265 2807 edicenda;
1282 2750 1311 2798 ut
1324 2744 1394 2798 inter
1418 2757 1495 2797 saeta
1520 2744 1651 2813 mysteria
1673 2748 1763 2803 nomi-

131 2818 172 2872 ιιι
185 2817 294 2886 legitur,
308 2829 368 2883 cap.
381 2813 432 2867 alti
448 2827 455 2865 :
474 2830 483 2863 t
504 2811 653 2874 l‘rmende,
669 2811 792 2876 Dareine,
816 2811 924 2866 miseri·
974 2821 1081 2877 nentur,
1093 2830 1147 2868 non
1160 2813 1290 2866 interalia
1306 2828 1365 2882 qum
1376 2821 1438 2867 ante
1450 2813 1648 2880 praemittimus,
1660 2826 1689 2870 ut
1699 2818 1764 2886 ipsis

130 2887 255 2943 cordiam
275 2893 350 2938 ιιιιι
367 2882 474 2937 larnulis
499 2890 526 2934 et
549 2881 699 2935 banaulabus
726 2881 779 2935 tuis
808 2896 923 2950 quorum
973 2883 1099 2954 mysteris
1112 2884 1182 2936 viam
1195 2882 1293 2936 lutaris
1304 2883 1429 2951 precibus
1441 2883 1603 2950 aperiamus.

132 2953 421 3013 commemorationem
433 2953 546 3020 ammas,
558 2950 600 3004 vel
612 2965 725 3019 quorum
739 2951 848 3005 nomina
861 2962 924 3006 aute

132 3035 231 3082 sancto
246 3024 345 3078 altario
358 3032 403 3076 tuo
415 3023 514 3091 scripta
539 3021 634 3076 adesse
655 3020 789 3085 videntur,
808 3035 923 3088 quorum

132 3111 280 3151 nutncrum
298 3102 326 3148 et
345 3093 453 3146 nomina
468 3100 498 3144 tu
520 3090 593 3146 solus
619 3090 748 3144 [lominus
771 3091 922 3158 cognoscis,

132 3166 253 3221 dextera
266 3163 385 3220 caelestis
397 3161 498 3226 auxilii,
512 3170 542 3215 ut
555 3169 581 3214 te
594 3168 650 3215 toto
662 3162 744 3215 eorde
755 3160 922 3229 perquirant,

131 3236 221 3360 ettffii
232 3235 313 3306 digne
322 3232 460 3303 postulant
471 3237 657 3300 assequantur,
683 3239 710 3284 et
725 3229 866 3283 animabus
885 3227 924 3280 la-

132 3322 180 3360 mu

1009 2953 1023 2992 b
1039 2952 1212 3023 (Caelestinus,
1225 2952 1339 3005 distinct.
1352 2952 1397 3016 38,
1412 2969 1471 3005 cen.
1485 2949 1525 3020 l.)
1546 2951 1615 3006 Nulli
1638 2956 1763 3010 sacerdo-

974 3031 1031 3076 tum
1046 3037 1109 3078 suos
1122 3022 1200 3077 liceat
1214 3034 1332 3076 canones
1344 3021 1475 3090 ignorare,
1497 3021 1704 3091 necquidquam
1718 3024 1760 3079 la-

974 3106 1036 3146 cere
1045 3093 1116 3159 qaod
1129 3092 1239 3146 Parrum
1252 3090 1337 3161 pessit
1351 3091 1452 3161 regulis
1466 3090 1586 3144 obviare.
1601 3090 1666 3158 Quae
1688 3095 1761 3149 eninr

974 3176 989 3214 a
1005 3161 1083 3215 nobis
1101 3175 1144 3216 res
1156 3161 1237 3231 digna
1248 3160 1408 3224 servabitur,
1423 3160 1445 3213 si
1468 3159 1642 3215 decretalium
1667 3179 1762 3218 norma

974 3232 1183 3286 constitutorum
1196 3244 1245 3299 pro
1256 3229 1406 3298 aliquorum
1421 3229 1509 3295 libitu,
1526 3229 1633 3285 licentia
1655 3234 1763 3304 populis

209 3320 270 3359 rum
295 3302 510 3370 famularumque
529 3309 636 3354 tuarum
660 3299 780 3354 ontttium
805 3297 923 3352 ildelium
973 3301 1115 3370 permissa,
1131 3299 1293 3368 frangatur?

131 3375 331 3432 minotaurum
345 3372 555 3428 orthodoxorum
568 3370 614 3439 qni
627 3370 674 3424 tibi
686 3369 844 3438 placuerunt
855 3382 923 3437 quo·
1010 3380 1021 3408 ι
1037 3369 1110 3442 (Leo,
1124 3386 1147 3424 c.
1162 3370 1219 3437 59.)
1236 3368 1359 3423 Alienum
1376 3368 1514 3435 clericum,
1531 3370 1616 3426 invito
1636 3371 1763 3443 episcopo

132 3461 194 3500 rom
214 3442 499 3501 commemorationem
515 3441 621 3511 agimus
632 3439 800 3507 velquorum
815 3437 923 3491 nomina
974 3440 1066 3509 ipsius,
1083 3456 1163 3495 nemo
1176 3439 1317 3508 suscipiat,
1334 3438 1388 3492 nisi
1400 3438 1469 3492 lorte
1492 3454 1524 3494 ex
1548 3440 1649 3509 placito
1670 3442 1762 3498 cbari-

133 3525 197 3570 ante
210 3522 305 3570 sancto
326 3511 423 3566 altario
442 3511 541 3579 scripta
558 3510 652 3564 adesse
670 3509 804 3570 videntur,
828 3507 924 3562 remis·
974 3509 1038 3564 tatis
1050 3511 1076 3564 id
1088 3510 1159 3563 inter
1170 3510 1279 3563 dantem
1293 3508 1521 3578 accipientemque
1532 3512 1684 3566 conveniat.
1694 3512 1761 3567 Nam

132 3600 239 3640 Sionem
252 3591 410 3639 cummium
430 3582 518 3635 tribue
533 3589 713 3650 pcccatorum,
731 3577 923 3648 indulgentiam
974 3580 1064 3650 gravis
1074 3578 1179 3649 injuriae
1191 3591 1253 3634 reus
1264 3586 1306 3633 est
1317 3581 1362 3647 qui
1378 3578 1410 3632 de
1422 3578 1514 3633 lratris
1526 3579 1641 3634 ecclesia
1653 3582 1679 3636 id
1689 3584 1761 3651 quod

133 3670 215 3725 quatu
234 3667 343 3723 semper
357 3658 515 3720 optaverunt
556 3652 588 3705 iae
608 3647 810 3731 supplicationis
829 3650 958 3711 consec
974 3649 1338 3718 estutiliusautpretiosius,
1351 3648 1645 3705 aedetvclallioerevel
1657 3659 1759 3708 tencre.

131 3734 264 3796 quantur.
280 3721 496 3777 Perdominum.
512 3740 521 3771 t
536 3666 576 3774 Ex
603 3720 701 3788 quibus
722 3717 788 3772 loeis
816 3718 922 3771 videtur
974 3720 1065 3788 ltaque
1083 3721 1105 3775 si
1125 3720 1196 3773 intra
1209 3719 1374 3788 provinciam
1399 3731 1443 3773 res
1465 3720 1563 3788 agitur,
1593 3721 1760 3791 transfugam

132 3792 224 3865 wlllssl
235 3809 289 3848 ¹¹⁰ss
301 3793 473 3848 0⁰¹¹⁸¹¹eii⁵⁸⁰
484 3791 592 3845 recitati
611 3791 719 3843 ”Omina
743 3786 919 3857 singulomm,
972 3789 1100 3844 clericum
1119 3790 1152 3844 ad
1166 3789 1308 3844 ecelesiam
1335 3802 1411 3842 suana
1426 3788 1649 3857 metropolitanus
1669 3791 1759 3845 redire

132 3864 313 3920 sedomninm
331 3863 357 3916 in
370 3861 518 3923 aversione,
537 3875 629 3913 corum
648 3858 770 3913 videlieet
781 3858 827 3925 qui
840 3857 867 3910 in
883 3857 922 3908 al·
972 3861 1125 3929 compellat.
1142 3859 1171 3913 Si
1189 3871 1278 3912 autem
1300 3858 1406 3927 longius
1428 3859 1548 3921 recessit,
1566 3859 1605 3912 tui
1631 3874 1717 3930 praece
1738 3862 1757 3913 ti

133 3935 185 3990 tati
201 3933 348 4001 conscripti
363 3937 441 3985 crant
462 3939 491 3984 ut
509 3930 651 3999 presbyter
664 3928 802 3982 celebrans
826 3925 858 3980 de
879 3926 921 3981 bis
972 3929 1132 3984 atteteritate
1143 3929 1323 3992 revocabitur,
1342 3936 1371 3980 ut
1386 3940 1436 3981 ιιι
1447 3927 1587 3995 cupiditati
1599 3942 1650 3982 nec
1673 3877 1758 3984 aragi-

132 4006 269 4076 praecipue
282 4004 412 4072 cogitaret
423 3999 449 4053 in
461 3999 595 4054 oblatione
610 3997 746 4052 sacrificii.
767 3996 797 4050 ln
820 3995 921 4065 eclogia
972 3998 1038 4052 tioni
1053 4000 1160 4053 occasio
1175 3997 1351 4066 relinquatur.

133 4085 224 4129 tamen
235 4072 365 4127 Amalarii
376 4069 489 4139 legimus
501 4084 558 4123 ιιι
570 4067 659 4122 Caroli
679 4067 764 4136 llagni
778 4073 881 4119 suetan·
894 4067 919 4117 in
1006 4067 1019 4106 d
1035 4067 1125 4149 (Coae.
1143 4067 1228 4137 Gorg.
1242 4083 1301 4120 coa.
1315 4066 1355 4138 ὅ.)
1372 4065 1399 4120 Si
1416 4066 1476 4135 quis
1492 4081 1598 4121 servum
1612 4067 1756 4123 occasione

133 4144 258 4200 eeclesiis
273 4142 372 4197 nostris
386 4139 470 4193 luisse
484 4139 592 4193 recitari
608 4136 715 4191 nortaina
741 4135 859 4189 lidelimn
881 4135 921 4187 vi·
972 4137 1109 4219 religionis
1124 4138 1217 4192 doceat
1229 4137 1367 4192 dominum
1378 4151 1456 4191 suum
1469 4145 1641 4205 contemnere
1653 4145 1681 4192 et
1699 4136 1757 4206 ejus

133 4229 228 4269 rorum
243 4221 272 4267 et
286 4209 474 4266 defunctorum
488 4210 516 4262 in
530 4223 562 4262 ea
574 4207 664 4262 missae
677 4215 754 4276 parte
769 4219 848 4273 quatu
872 4220 921 4258 nos
972 4207 1151 4262 ministerium
1163 4206 1296 4270 deserere,
1315 4221 1346 4260 ac
1364 4221 1418 4260 non
1438 4207 1525 4276 potius
1549 4207 1670 4262 docuerit
1694 4222 1756 4263 euru

135 4297 265 4339 monem
280 4280 454 4350 appellamus,
470 4294 523 4332 non
536 4277 643 4347 quidem
661 4276 689 4328 in
710 4276 859 4337 aversione,
874 4273 921 4328 sed
972 4277 1080 4332 donatiuo
1092 4293 1140 4331 sue
1152 4277 1221 4331 bona
1233 4277 1284 4331 lide
1294 4286 1321 4330 et
1332 4292 1394 4331 curn
1405 4276 1477 4330 omni
1493 4277 1695 4332 honoriticentia
1711 4279 1757 4331 de-

134 4352 315 4425 pronuntiatis
326 4349 491 4419 singulorum
512 4347 673 4402 nominibus.
701 4343 852 4412 Aliquando
870 4359 920 4397 uo·
972 4347 1082 4410 servire,
1095 4347 1236 4400 anatliema
1250 4346 1295 4400 sit.

138 4423 236 4477 minum
252 4419 376 4475 recitatio
390 4419 470 4472 tiebat
494 4433 508 4471 a
530 4417 694 4471 subdiacono
724 4424 797 4468 retro
823 4413 918 4466 altare.
1008 4428 1020 4455 ι
1041 4416 1114 4488 (leo.
1131 4433 1154 4470 c.
1172 4414 1211 4498 5.)
1231 4415 1294 4471 nac
1318 4416 1409 4484 itaque
1435 4416 1581 4471 admonitio
1601 4425 1693 4471 nostra
1710 4417 1757 4472 de-

137 4492 268 4547 Probatur
282 4489 353 4544 istud
370 4503 404 4542 ex
418 4488 487 4542 libro
498 4486 733 4540 Sacrantentornm
752 4483 778 4536 in
802 4483 920 4537 editione
972 4487 1087 4551 nutatiat,
1099 4486 1171 4555 quod
1186 4502 1208 4540 st
1220 4487 1281 4554 quis
1291 4485 1405 4541 lvatrum
1420 4497 1513 4555 contra
1534 4488 1591 4542 ltaec
1608 4486 1755 4542 constituta

138 4561 264 4624 leuandi,
280 4574 341 4629 pag.
360 4557 423 4611 264.
443 4576 451 4607 t
468 4555 631 4610 Subiiaconi
645 4572 659 4606 a
674 4563 747 4606 retro
771 4552 858 4616 altari,
875 4553 919 4605 ulti
971 4557 1063 4611 venire
1074 4557 1225 4620 tentaverit,
1237 4565 1264 4609 ct
1277 4555 1409 4625 prohibita
1421 4554 1501 4610 luerit
1510 4572 1592 4612 ausus
1603 4556 1754 4619 admittere,

138 4631 293 4686 memoriam
307 4627 349 4681 vel
364 4626 472 4681 nentina
484 4626 603 4679 vivorum
617 4633 644 4678 ct
658 4631 823 4677 ntortuorrun
834 4622 921 4674 tronti·
972 4641 986 4679 a
1004 4642 1054 4681 suo
1069 4640 1099 4680 sc
1115 4629 1219 4680 noverit
1233 4625 1321 4680 officio
1336 4626 1557 4691 submovendum,
1571 4642 1619 4683 nec
1636 4642 1756 4681 commu.

138 4707 267 4754 catenant
289 4698 329 4750 tel
355 4698 547 4759 recitaverunt,
571 4693 720 4779 pt000tl⁰¹¹l
747 4700 805 4762 11⁰⁵!
830 4691 920 4745 diaco·
972 4696 1172 4751 ttionisnestrae
1194 4695 1313 4749 laturum
1338 4709 1400 4749 csse
1423 4703 1576 4750 consortem
1600 4696 1645 4766 qai
1665 4697 1755 4751 socius

139 4785 208 4824 ntrtn.
225 4769 351 4822 »Auctor
362 4779 506 4835 exegescos
520 4765 546 4819 in
559 4764 694 4818 tanenenr
705 4762 793 4816 missae
808 4779 814 4813 :
832 4761 920 4816 «Cum
971 4781 1096 4821 essenon
1110 4764 1362 4847 voloitdiseiplinae.
1385 4765 1424 4819 Ne
1450 4766 1514 4834 quid
1540 4783 1605 4820 vero
1627 4766 1662 4821 sit
1683 4766 1754 4835 quod

138 4841 249 4908 Wlfflin!
264 4837 375 4900 diffluit
392 4837 534 4898 lienteum,
558 4832 680 4896 D⁰¹¹¹lsssst
702 4831 861 4886 s³¹¹¹=u10l¹¹111
881 4832 920 4886 stt-
971 4837 1182 4906 praeterntissunt
1194 4851 1209 4889 a
1222 4836 1299 4890 nobas
1312 4834 1382 4888 lorte
1400 4836 1535 4900 credatur,
1551 4836 1640 4891 ottrnia
1663 4836 1755 4890 deere-

138 4909 323 4976 1ularumque
335 4915 454 4968 tuarum,
467 4914 494 4957 et
509 4904 548 4958 sie
569 4902 666 4956 deinde
691 4900 870 4972 subjungitur,
893 4912 920 4956 et
972 4907 1036 4961 talia
1049 4906 1204 4970 constituta,
1222 4914 1276 4959 tarn
1291 4906 1377 4960 beatae
1394 4906 1589 4960 recordationis
1606 4904 1754 4959 ltmoeeutii

137 4979 254 5033 emnium
282 4973 560 5036 circumadstantium,
588 4970 758 5025 manifestum
780 4981 822 5026 est
847 4973 919 5040 quod
934 5001 959 5061 n
973 4991 1053 5045 quam
1071 4975 1191 5030 omniurn
1209 4976 1380 5030 decessorum
1404 4985 1569 5039 nostrorum,
1582 4990 1641 5045 quse
1658 4974 1691 5028 de
1712 4986 1754 5027 ee·

137 5048 211 5118 qnasi
229 5047 341 5117 qnidam
355 5045 429 5099 locus
442 5042 477 5097 sit
492 5043 537 5096 ubi
559 5042 691 5110 aliquibus
706 5042 859 5109 specialiter
871 5057 920 5097 no-
971 5046 1129 5101 elesiastieis
1142 5046 1280 5100 ordinibus
1300 5055 1328 5100 et
1350 5061 1481 5101 canonum
1505 5043 1669 5115 promulgata
1692 5051 1755 5095 sunt

137 5116 352 5183 pisianactiam
368 5123 525 5170 ceterorum
541 5113 586 5180 qui
606 5111 737 5164 assistunt
756 5111 782 5163 in
803 5111 917 5166 ecelesia

136 5185 356 5242 eomntemoratio
377 5182 552 5255 adjungatur:
574 5182 601 5236 in
617 5183 775 5249 quantique
796 5179 855 5235 loeo
873 5191 919 5235 aru

135 5256 247 5313 libentia
260 5265 302 5312 est
320 5253 453 5310 sacerdoti
466 5268 534 5322 ques
548 5250 739 5306 desideraverit
750 5249 920 5319 peculiariter

136 5326 275 5382 nominare
292 5334 321 5379 et
333 5323 493 5380 nominatim
503 5322 559 5377 lieo
578 5320 832 5385 commentaremur
845 5332 919 5374 certe

134 5396 199 5453 illud
211 5395 376 5465 abantiquis
386 5394 554 5448 observatum
570 5400 611 5446 est
629 5400 659 5444 nt
685 5390 721 5444 ibi
749 5388 918 5444 ollercntinm

135 5467 244 5523 nomina
263 5467 478 5521 recitarentur.»
504 5461 655 5532 Exegeseos
678 5460 756 5514 istius
781 5468 917 5515 auctorem

133 5536 314 5592 essei'lnrum
334 5534 420 5604 reperi
444 5541 565 5588 notatum
588 5545 668 5585 manu
698 5528 841 5584 clarissimi
868 5530 918 5583 riri

100 5652 103 5657 ,
134 5607 209 5662 Pauli
225 5605 326 5661 l‘etavii
338 5603 470 5659 scrutatoris
482 5601 651 5656 Parisiensis.
665 5599 737 5653 luter
749 5598 862 5654 schedas
871 5615 919 5654 au-

136 5668 189 5733 tc'at
205 5675 280 5733 Petri
293 5673 431 5728 Fratteisei
449 5671 574 5727 Cltillletii
598 5669 685 5740 reperi
712 5668 817 5722 initiunt
841 5669 918 5724 istius

278 5766 412 5828 i'trttot..
434 5761 557 5824 XCi'll.

971 5115 1130 5185 disciplitds,
1147 5116 1184 5169 ita
1199 5131 1214 5168 ι
1228 5123 1317 5169 vestra
1337 5115 1479 5171 dilectione
1504 5113 1634 5169 custodiri
1657 5110 1755 5166 debere

972 5185 1138 5250 mandamus,
1153 5195 1182 5240 ut
1195 5185 1217 5239 si
1235 5186 1294 5254 quis
1306 5185 1333 5240 in
1347 5185 1391 5239 illa
1402 5183 1576 5247 commiserit,
1587 5181 1692 5235 veniam
1703 5181 1753 5236 sibi

971 5256 1064 5311 deince
1084 5272 1096 5309 s
1114 5256 1284 5310 noveritden
1319 5256 1370 5308 ari.

1009 5325 1046 5396 l(
1072 5325 1286 5394 cincinnati.)
1328 5324 1404 5378 ideas
1419 5332 1507 5377 autern
1535 5321 1625 5376 velare
1648 5320 1755 5390 pontifi·

972 5412 1032 5450 cum
1046 5396 1135 5450 nullus
1158 5404 1271 5449 attentet
1286 5409 1292 5446 :
1311 5394 1381 5461 quod
1392 5408 1442 5447 nec
1453 5391 1752 5448 auctoritasdivinade«

971 5467 1050 5538 legat,
1063 5480 1113 5520 nee
1125 5480 1257 5520 canonum
1271 5465 1357 5517 torma
1369 5462 1521 5533 praestituit.
1543 5460 1602 5516 lion
1627 5470 1669 5515 est
1690 5476 1755 5532 ergo

971 5537 1078 5617 penitus
1094 5534 1286 5605 usurpandum,
1304 5533 1397 5600 eisque
1420 5533 1460 5587 sie
1484 5531 1666 5587 ecelesiastica
1692 5541 1752 5586 sum
1804 5590 1807 5597 Δ

971 5605 1109 5663 tulerenda
1124 5603 1256 5675 praesidia,
1271 5613 1300 5657 nt
1313 5602 1379 5655 nilril
1390 5601 1574 5658 committatur
1586 5602 1718 5658 illicitum.

1459 5758 1479 5814 e
