3826 6112
63 312 111 369 Nil
139 304 141 308 ⁸
419 313 530 368 CODEX
548 309 807 368 bleiettnlctis.
827 340 861 351 —-
880 307 1120 365 caetrttLiiitta.
1140 341 1174 350 -
1194 308 1243 364 Ax.
1264 311 1324 367 786.
1635 320 1689 375 22⁹2

62 431 95 486 de
113 426 230 484 diversis
242 427 326 495 pagis,
340 435 394 480 tam
419 426 452 481 de
468 426 640 482 Westfalabis
653 435 680 481 et
701 425 889 496 ilngrariisA
938 421 963 474 tt.
987 421 1025 476 lle
1039 422 1203 493 presbyteris
1220 431 1382 488 statuerunt,
1401 427 1512 496 quodsi
1530 430 1631 500 aliquid
1651 438 1692 494 ets

65 537 145 592 quani
159 520 233 574 etde
247 517 410 574 oostfalahis
425 519 433 549 ¹
450 531 473 580 ι,
489 534 583 574 omncs
596 519 770 572 unianimiter
793 532 856 572 con·
907 522 953 568 aut
965 527 1058 568 eorum
1069 515 1222 569 bominibus
1234 516 1295 583 quis
1306 518 1471 573 eontrarium
1483 500 1573 577 faeere
1585 531 1632 577 aut
1642 527 1692 581 tol-

62 618 208 668 senserunt
227 618 255 666 et
275 609 488 678 aptificarenint,
508 617 538 663 ut
551 609 582 663 de
602 609 654 663 illis
668 607 793 677 capitulis
805 620 856 675 pro
906 601 961 658 lere
971 603 1183 672 praesumpserit
1191 611 1284 658 contra
1297 604 1437 668 iustitiam,
1449 609 1573 663 omniaiu
1583 611 1693 682 duplum

63 703 162 772 quibus
187 700 292 761 Franci,
318 699 341 753 si
364 699 436 768 regis
453 700 571 753 barinum
593 696 755 766 transgressi
781 704 853 755 sunt,
906 695 1033 750 restituat
1045 696 1087 750 eis
1098 705 1125 750 et
1139 705 1281 764 conponat.

63 791 165 847 solidus
178 790 316 858 sexaginta
330 796 493 856 conponunt,
516 788 640 842 similiter
662 787 781 842 Saxones
803 787 855 841 sol·
942 783 967 835 7.
982 784 1018 837 lte
1031 785 1121 840 missis
1134 785 1204 853 regis
1226 794 1387 852 statuerunt,
1402 797 1432 841 ut
1455 790 1476 843 si
1491 791 1524 846 ab
1546 794 1585 848 eis
1598 794 1695 864 aliquis

63 889 138 944 rent,
152 880 175 934 si
188 878 287 933 alicubi
301 887 395 933 contra
409 878 481 946 ipsos
493 878 597 932 bannos
609 878 729 932 feceriut.
907 875 1064 930 interfectus
1078 877 1207 942 evenerit,
1228 877 1255 931 iii
1273 878 1381 946 triplum
1403 893 1464 934 euin
1487 897 1639 951 conponere
1653 887 1696 941 de

311 983 362 1022 use
381 983 446 1022 suxr
466 983 609 1022 ciriruii.
905 964 968 1018 beat
990 966 1035 1034 qiii
1054 967 1104 1020 lioc
1121 964 1210 1054 iscere
1231 969 1450 1037 praesumpserit.
1477 969 1607 1027 Similiter
1621 975 1696 1044 quic·

100 1059 127 1113 l.
143 1060 157 1098 b
172 1057 356 1117 Utecclesiae,
370 1057 475 1121 idduae,
489 1055 586 1121 orfani,
602 1064 629 1110 et
649 1057 737 1112 minus
758 1066 854 1126 poten·
906 1053 970 1123 quid
993 1064 1040 1108 aut
1061 1069 1155 1110 eorum
1178 1056 1332 1111 bominibus
1355 1057 1457 1113 factum
1481 1060 1580 1125 luerit,
1605 1065 1694 1119 omnia

65 1151 128 1203 tes'
143 1149 242 1202 iustam
255 1155 281 1201 ct
292 1146 411 1215 quietam
423 1161 516 1215 pacem
526 1147 651 1200 habeant.
666 1147 698 1200 Ει
709 1157 739 1202 ut
750 1156 855 1216 raptum
906 1145 1048 1212 tripliciter
1056 1144 1156 1199 faciant
1171 1155 1322 1200 restaurare
1333 1156 1359 1200 et
1371 1148 1518 1203 seeundum
1531 1166 1624 1206 eorum
1638 1167 1695 1208 ewa

63 1248 92 1293 et
103 1237 213 1293 fortiam
227 1236 238 1266 ¹
255 1250 305 1291 nee
321 1235 473 1289 incendium
486 1234 554 1288 infra
567 1235 682 1303 patriam
695 1235 755 1303 quis
768 1234 856 1289 lacere
905 1250 1065 1304 conponere.

63 1331 164 1386 audeat
184 1327 395 1398 praesumptive.
419 1325 453 1379 Et
474 1323 507 1380 de
530 1324 651 1379 exercitu
674 1324 856 1393 nullussuper
944 1330 970 1383 8.
990 1328 1026 1382 bc
1044 1328 1168 1383 incendio
1192 1331 1332 1393 contenit,
1353 1333 1423 1399 quod
1448 1332 1538 1388 nullus
1560 1333 1628 1388 infra
1649 1350 1696 1404 pa-

50 1425 183 1480 -bauiium
197 1420 297 1475 domini
315 1419 385 1489 regis
399 1431 537 1472 remanere
548 1426 713 1485 praesumat.
906 1419 985 1473 triam
1013 1427 1167 1488 praesumat
1193 1419 1281 1475 facere
1303 1430 1414 1491 propter
1430 1422 1499 1477 iram
1522 1432 1568 1477 aut
1587 1425 1697 1481 inimici·

97 1513 128 1568 S.
152 1511 181 1568 Si
202 1512 263 1581 quis
288 1509 441 1579 supradicta
463 1507 548 1564 octo*
569 1507 685 1576 capitula
710 1515 856 1577 transgres-
906 1510 980 1573 tiain,
999 1517 1046 1563 aut
1059 1510 1179 1579 qualibet
1203 1509 1326 1567 malivola
1347 1514 1511 1582 cupiditate;
1536 1525 1650 1586 excepto
1674 1520 1697 1572 si

61 1619 110 1660 sus
131 1601 221 1667 fuerit,
241 1615 335 1658 omnes
352 1606 505 1655 statuerunt
522 1606 550 1653 ct
573 1597 798 1666 aptificaverunt,
828 1605 856 1651 ut
906 1599 967 1654 talis
983 1597 1063 1655 fuerit
1083 1601 1191 1656 rebellis
1205 1603 1250 1670 qni
1263 1604 1394 1658 iustitiam
1417 1605 1506 1660 fucere
1524 1607 1648 1672 nolucrit,
1671 1619 1699 1662 ct

59 1694 191 1751 Saxones
209 1693 333 1748 similiter
355 1691 425 1745 sicut
440 1697 468 1744 et
491 1688 587 1743 Franci
604 1689 743 1758 sexaginta
757 1689 856 1743 solirlos
906 1691 984 1744 aliter
995 1691 1134 1747 districtus
1150 1705 1211 1747 esse
1229 1710 1282 1749 non
1305 1695 1415 1763 poterit,
1430 1704 1456 1750 et
1481 1697 1515 1752 ad
1539 1713 1598 1763 nos,
1617 1707 1646 1753 ut
1672 1700 1698 1753 in

57 1793 236 1855 conponant.
875 1765 1060 1852 Bpracscntia
1073 1792 1165 1841 nostra
1188 1785 1320 1841 iustitiam
1343 1788 1445 1851 reddat,
1466 1790 1558 1843 uenire
1579 1791 1699 1860 dispere-

93 1880 127 1934 3.
143 1877 211 1932 ltem
233 1874 333 1944 placuit
356 1873 481 1929 omnibus
504 1870 665 1934 Senonibus,
682 1879 712 1924 ut
736 1871 859 1924 ubicum·
908 1873 952 1935 rit,
978 1872 1102 1927 condicto
1123 1889 1266 1930 commune
1281 1876 1381 1945 placito
1394 1878 1474 1932 simul
1495 1879 1545 1948 ipsi
1568 1895 1700 1949 pagenses

52 1983 116 2040 qne
125 1963 377 2022 Francisecundum
391 1960 476 2031 legem
486 1959 625 2017 solidoslii
639 1959 858 2023 solueredebent,
909 1963 1033 2027 seruant,
1053 1972 1081 2018 ct
1104 1966 1126 2018 si
1145 1966 1319 2021 unianimiter
1344 1968 1570 2034 ‘consenserim
1585 1985 1634 2040 pro
1660 1973 1699 2027 di-

52 2062 96 2117 ibi
119 2058 269 2115 nobiliores
298 2055 419 2111 &annes
435 2054 536 2109 solidos
554 2053 602 2118 ie,
621 2052 729 2123 ingenui
744 2051 770 2116 5,
784 2050 860 2105 litii
909 2053 1048 2109 strictione
1062 2053 1133 2108 illius
1150 2057 1252 2109 causa⁷
1268 2056 1434 2121 incendatur,
1448 2066 1512 2112 tuiic
1529 2059 1563 2113 de
1575 2060 1632 2128 ipso
1642 2059 1699 2128 pla·
1758 2057 1767 2075 '

49 2158 234 2223 conponant.
909 2144 964 2199 cito
976 2160 1118 2200 commune
1142 2147 1256 2203 consilio
1269 2146 1341 2203 facto
1354 2149 1502 2203 secundum
1522 2162 1616 2205 eorum
1641 2165 1699 2205 ewa

93 2246 129 2302 d.
151 2244 210 2300 lloc
226 2250 307 2299 etiam
320 2249 489 2305 statuerunt,
512 2246 542 2293 ut
558 2237 760 2308 qualiscumque
778 2252 860 2292 eausa
910 2236 957 2291 liat
967 2244 1115 2305 peractum,
1130 2245 1157 2292 ct
1168 2253 1220 2293 uon
1232 2253 1280 2307 pro
1292 2238 1413 2308 qualibet
1424 2240 1562 2296 iracundia
1584 2249 1631 2295 aut
1643 2256 1694 2295 ma·

47 2335 138 2395 infra
163 2333 278 2404 patriam
296 2347 358 2387 cum
377 2329 494 2400 propriis
521 2329 701 2384 vicinantibus
720 2328 860 2398 pacificata
910 2326 989 2382 lisola
1003 2327 1160 2392 intentione,
1176 2328 1228 2383 nisi
1240 2344 1289 2398 pro
1298 2329 1464 2385 districtione
1473 2338 1575 2385 nostra.
1586 2330 1614 2385 Si
1623 2330 1700 2386 aliter

46 2425 161 2487 fucrit,
171 2423 210 2478 ibi
222 2422 301 2478 solito
312 2436 389 2477 more
402 2420 452 2488 ipsi
463 2434 595 2489 pagenses
608 2420 708 2475 solidos
721 2420 860 2476 duodecim
911 2417 999 2475 facere
1007 2436 1089 2475 ausus
1102 2419 1192 2486 luerit,
1207 2422 1276 2475 sicut
1287 2420 1409 2490 superius
1423 2422 1524 2478 dietum
1537 2430 1588 2487 cst,
1601 2423 1701 2479 solidos

46 2532 111 2589 pro
128 2512 300 2570 districtione
312 2512 451 2581 recipiant,
460 2518 487 2564 et
500 2526 549 2580 pro
562 2511 689 2580 wargida,
702 2526 772 2580 quae
786 2511 861 2565 iuxta
911 2513 1050 2582 sexaginta
1064 2520 1210 2581 conponat.

46 2605 291 2667 consuetudinem
311 2617 405 2671 eorum
424 2601 546 2657 solebant
560 2601 663 2666 facere,
683 2604 734 2658 boc
753 2617 862 2658 conces
946 2602 973 2656 9.
987 2603 1051 2658 item
1066 2603 1167 2674 placuit
1191 2611 1220 2657 ut
1242 2604 1458 2673 quandoquidem
1478 2605 1563 2660 uoluit
1586 2605 1701 2660 domiius

48 2712 127 2755 surii
142 2691 406 2750 babeantstamem
421 2690 608 2759 inpraesentia
625 2692 861 2759 missurumrcga-
912 2710 959 2750 rex
983 2705 1092 2766 propter
1123 2708 1227 2765 pacem,
1245 2704 1272 2748 et
1289 2704 1399 2767 propter
1425 2695 1523 2752 faidam
1542 2703 1570 2750 ct
1593 2703 1701 2766 propter

48 2790 135 2847 tium
151 2797 252 2843 causae
264 2782 391 2839 delinitae
404 2781 514 2847 fuerint,
532 2797 581 2852 pro
601 2783 726 2838 iamdicta
742 2782 861 2852 wargida
913 2789 1028 2843 maiores
1039 2790 1269 2853 causes,baiinum
1284 2788 1422 2844 fortiorem
1434 2798 1561 2856 statuere,
1574 2806 1627 2846 una
1640 2807 1702 2847 cum

49 2877 268 2950 suprascriptos
281 2875 380 2931 wiltios
393 2876 590 2946 duodecimipsi
601 2890 732 2947 pagenses
745 2876 863 2930 habeant
913 2893 1046 2936 consensu
1063 2879 1229 2934 Francorum
1252 2886 1280 2934 et
1297 2879 1416 2934 fidelium
1438 2879 1585 2946 Saxonum,
1607 2892 1701 2935 seeun-

50 2981 226 3026 corieessot.
239 2965 273 3021 lit
286 2980 336 3036 pro
346 2966 472 3035 hocquia
487 2966 584 3025 missus
598 2967 695 3036 regalis
716 2983 749 3021 ex
766 2968 816 3022 bae
833 2980 863 3020 re
913 2968 976 3024 dum
995 2969 1067 3039 quod
1079 2969 1104 3024 ei
1125 2968 1267 3038 placuerit,
1287 2969 1360 3023 iuxta
1379 2969 1450 3038 quod
1469 2985 1549 3024 causa
1567 2970 1651 3042 exigit
1676 2980 1700 3023 ei

54 3060 203 3130 fatigatus
214 3055 311 3121 fuerit,
327 3056 547 3113 aliosduodecim
562 3056 733 3114 solidosiude
749 3056 862 3125 recipiat
913 3061 1081 3130 oportunitas
1107 3059 1207 3124 fuerit,
1235 3060 1335 3117 solidos
1357 3061 1497 3132 sexaginta
1524 3060 1702 3131 multiplicare

55 3150 99 3206 ad
114 3155 224 3218 partem
237 3147 318 3216 regis.
332 3144 362 3201 Si
376 3153 467 3202 autem
484 3147 541 3215 ipsa
554 3147 676 3201 causaad
691 3145 820 3215 palatium
833 3145 859 3200 in
914 3150 942 3205 in
955 3148 1063 3219 duplum
1077 3189 1084 3213 ,
1105 3157 1132 3205 et
1144 3149 1244 3206 solidos
1257 3156 1366 3203 centum
1390 3149 1446 3204 sive
1465 3163 1549 3218 usque
1574 3151 1610 3205 ad
1630 3150 1702 3208 mille

56 3237 225 3312 imm&
254 3236 325 3308 ‘085⁸
340 3237 375 3293 Μ
404 3235 583 3292 definiendum
609 3235 691 3292 5¹¹2?st
711 3237 861 3305 limittit,
913 3256 1066 3311 conponere
1084 3240 1166 3296 faeiat
1190 3242 1236 3310 qui
1260 3240 1318 3295 cius
1335 3240 1490 3296 mandatum
1517 3247 1703 3311 transgressus

60 3337 138 3385 tunc
150 3326 259 3397 utrique
271 3325 349 3383 solidi
360 3326 510 3390 duodecim,
525 3327 613 3391 idest,
634 3341 682 3395 pro
695 3327 822 3397 wargida,
836 3335 863 3381 et
913 3331 1006 3387 fuerit.

61 3419 146 3491 quod
157 3418 254 3473 uiduis
264 3417 356 3474 debuit
367 3431 569 3487 conponere‚eo
581 3417 652 3486 quod
665 3416 734 3471 infra
746 3418 863 3486 patriam
949 3421 993 3476 itt.
1008 3422 1046 3477 lic
1055 3419 1274 3477 malefactoribus
1286 3421 1333 3490 qui
1347 3421 1417 3475 ritae
1440 3420 1589 3490 periculum
1607 3436 1702 3478 secun·

62 3505 188 3564 fflffinita
200 3506 269 3562 ratio
282 3521 336 3562 Ποῦ
353 3505 445 3572 suerit.
462 3506 496 3562 ad
515 3513 620 3575 partem
641 3506 740 3576 κεῖθ’
764 3506 864 3562 sacient
914 3513 977 3568 dum
987 3526 1044 3567 erra
1058 3510 1196 3568 Saxormm
1217 3511 1355 3566 incurrere
1368 3509 1475 3573 debent,
1496 3510 1596 3580 placuit
1616 3512 1702 3567 omui-

64 3609 235 3666 ωῐψῡῠθιθ,
249 3593 321 3663 quod
335 3601 398 3648 ⁸⁰⁰¹
408 3591 485 3649 ⁸05¹!i
497 3593 593 3664 Vltimi
610 3601 734 3662 ιῦθῑῑῑθΐ·
757 3593 824 3648 Nam
840 3595 863 3648 Si
914 3605 964 3659 bus
973 3610 1002 3658 ιιι
1015 3602 1221 3672 qualiscumque
1229 3615 1263 3656 cx
1276 3600 1343 3671 ipsis
1353 3601 1388 3657 ad
1406 3600 1508 3666 regiam
1521 3601 1703 3670 ⁸potestatem

67 3687 156 3743 fuw'l
173 3685 272 3755 ²¹quss
283 3685 330 3755 (tui
345 3684 374 3739 in
385 3683 482 3754 patria,
497 3683 571 3738 iuxta
585 3683 656 3753 (11¹0d
668 3684 708 3738 sui
730 3684 862 3740 fflssi'icissi
913 3693 1068 3765 confugium
1091 3691 1194 3756 fecerit,
1210 3700 1257 3746 aut
1271 3692 1298 3746 iii
1312 3691 1384 3746 illius
1406 3692 1442 3746 sit
1456 3700 1591 3762 potestate
1611 3701 1702 3748 utruiii

68 3770 348 3847 iudioeveflmiwtttle
359 3774 503 3846 pacificare
513 3774 640 3840 noluerit,
651 3784 679 3831 tl
691 3776 724 3830 td
735 3776 862 3844 palatium
914 3781 1129 3838 interficiendum
1143 3780 1196 3836 illis
1208 3780 1344 3848 reddatur,
1359 3788 1406 3836 aut
1419 3797 1472 3836 uua
1488 3797 1550 3837 eum
1571 3796 1704 3838 consensu

68 3871 217 3944 probuius
230 3869 528 3933 reieausavenerit,et
542 3869 614 3925 ibici
628 3868 861 3925 lueritiudicatuni
913 3887 1007 3928 corum
1034 3872 1133 3926 babeat
1157 3871 1293 3926 licentiam
1312 3871 1399 3939 ipsum
1422 3870 1622 3927 malefactorem
1642 3888 1703 3927 cuin
1771 3888 1775 3898 ·

70 3965 146 4034 quod
160 3965 262 4020 iustum
283 3963 412 4020 iudicium
424 3963 596 4026 iudicassent,
611 3962 639 4016 in
654 3962 819 4032 primarios,
834 3971 864 4017 ut
913 3976 997 4019 uxore
1010 3971 1038 4018 et
1052 3962 1164 4028 familia,
1178 3969 1206 4015 et
1223 3961 1314 4016 omnia
1327 3977 1376 4016 sua
1389 3960 1455 4016 loris
1468 3961 1478 3988 ⁸
1491 3961 1606 4030 patriam
1632 3961 1703 4016 infra

71 4070 154 4126 supra
168 4055 270 4112 dictum
280 4062 333 4119 est,
346 4053 445 4110 solidos
458 4053 552 4122 viginti
569 4063 683 4123 quatuor
702 4053 734 4107 ad
758 4060 861 4122 partem
913 4070 962 4109 sua
972 4068 1053 4125 regua
1064 4062 1111 4107 aut
1120 4053 1147 4107 in
1161 4067 1265 4116 marcu,
1280 4050 1326 4107 ubi
1338 4066 1388 4130 sua
1409 4048 1490 4105 fuerit
1503 4050 1635 4114 voluntas,
1649 4052 1702 4105 col-

72 4149 145 4218 regis
161 4155 307 4218 conponat.
319 4147 354 4201 Et
366 4146 389 4202 si
403 4153 467 4202 tuuc
478 4146 540 4202 inde
551 4145 657 4201 rediens
673 4159 703 4200 sc
722 4144 864 4216 pacificare
913 4146 1013 4211 locare,
1024 4153 1052 4199 et
1065 4144 1182 4199 babeant
1195 4143 1283 4212 ipsum
1292 4142 1370 4212 quasi
1380 4150 1525 4197 mortuum.

71 4246 101 4292 et
126 4236 260 4292 iustitiam
284 4235 375 4292 facere
405 4236 551 4303 rennuerit,
578 4244 606 4291 et
629 4236 729 4291 iterum
749 4251 799 4305 pro
811 4236 863 4291 ista
949 4237 992 4291 ll.
1006 4235 1073 4290 lllud
1090 4233 1238 4290 notandum
1261 4241 1304 4289 est
1314 4233 1407 4303 quales
1430 4232 1537 4288 debent
1551 4230 1630 4288 solidi
1644 4241 1705 4301 esse

72 4343 155 4384 musa
172 4327 208 4383 ad
218 4326 348 4398 palatium
360 4325 442 4382 fuerit
462 4334 626 4382 convocatus
642 4335 670 4382 et
683 4326 860 4390 deiudicatus,
914 4327 1068 4394 Saxonum;
1084 4326 1110 4381 id
1125 4335 1177 4392 est,
1190 4327 1285 4381 berem
1304 4325 1459 4380 annoticum
1482 4323 1604 4394 utrisque
1622 4336 1703 4379 sexus

74 4416 115 4472 bis
127 4416 225 4487 viginti
248 4425 364 4487 quatuor
383 4416 483 4473 solidos
501 4425 643 4486 conponat.
671 4418 698 4473 Si
715 4432 779 4473 uero
801 4432 862 4473 uec·
913 4416 1062 4474 autumnali
1076 4424 1207 4486 tempore,
1222 4415 1293 4471 sicut
1306 4414 1334 4469 iii
1355 4413 1490 4470 stabulum
1512 4413 1638 4478 mittitur,
1653 4426 1704 4484 pro

74 4508 136 4563 duni
147 4508 446 4579 correptustertiariee
456 4523 505 4578 pro
519 4509 613 4565 eadem
633 4524 663 4565 re
675 4510 710 4566 ad
731 4509 861 4580 palatium
913 4524 968 4563 unc
980 4506 1081 4571 solido;
1103 4505 1228 4561 similiter
1240 4513 1268 4558 et
1289 4519 1400 4560 remum
1420 4512 1535 4574 tempus,
1549 4502 1657 4573 quando
1670 4502 1704 4558 de

75 4596 245 4662 oemoererit,
267 4596 374 4667 triplam
389 4596 600 4666 conpositionem
624 4598 720 4655 exinde
732 4597 813 4654 faciat
828 4599 861 4655 ad
912 4597 1017 4653 stabulo
1029 4595 1111 4661 exiit,
1125 4604 1153 4650 ct
1166 4595 1300 4668 deinceps,
1315 4602 1445 4663 quantum
1459 4601 1575 4649 aetatem
1588 4593 1704 4658 auxerit,

72 4693 182 4754 partem
192 4686 275 4756 regis.
550 4725 552 4739 .
913 4694 1018 4742 tautum
1031 4687 1059 4741 iii
1079 4685 1166 4756 pretio
1182 4693 1296 4740 crescat.
1321 4684 1358 4740 ile
1376 4699 1483 4740 annona
1496 4699 1561 4740 uero
1574 4683 1703 4740 bortrinis

107 4773 135 4828 5.
161 4772 192 4828 Si
204 4775 266 4844 quis
282 4775 315 4830 de
332 4774 510 4831 nobilioribus
522 4777 556 4833 ad
574 4778 703 4847 placitum
727 4781 863 4837 mannitus
912 4794 963 4851 pro
976 4778 1061 4835 solido
1085 4793 1139 4832 uiio
1154 4775 1270 4846 scapilos
1293 4775 1471 4846 quadraginta
1493 4776 1604 4842 donant,
1618 4783 1646 4832 et
1670 4774 1704 4828 de

72 4866 166 4918 venire
178 4865 378 4935 contempserit,
392 4865 493 4924 solidos
504 4876 620 4937 quatuor
629 4878 772 4939 conponat,
787 4871 861 4942 inge·
912 4870 998 4940 sigule
1009 4864 1114 4940 viginti.
1129 4865 1369 4936 septemtrionales
1385 4875 1475 4922 autem
1488 4866 1509 4898 ¹·
1522 4879 1573 4936 pro
1587 4864 1702 4919 solidum

72 4954 120 5008 ¹¹¹st
136 4955 215 5021 (¹⁸⁰⁸.
229 4954 271 5011 lili
284 4971 379 5011 unum·
913 4961 1028 5031 scapilos
1040 4959 1149 5030 triginta
1166 4957 1199 5014 de
1212 4972 1296 5013 arena
1316 4967 1344 5015 et
1364 4959 1449 5031 sigule
1466 4957 1629 5029 quindecim.
1650 4954 1702 5010 llel

684 5052 877 5112 restaures
895 5052 1094 5112 LECTlONES.

99 5162 118 5241 ‘¹
138 5159 513 5242 nuesterfalisetaugariis...
529 5164 702 5220 osterfalisS.
740 5168 879 5237 ’potestes
902 5170 927 5223 l.
965 5166 1127 5223 'furtumb
1165 5166 1284 5222 ‘rusb
1322 5167 1458 5236 ‘regest
1497 5161 1700 5220 ‘umamiterb

70 5230 377 5288 tiramuscam.
416 5233 544 5304 'regium
563 5234 937 5310 l.regiumeerr.regiam2.
975 5236 1274 5293 ’forascornforisl
1314 5231 1495 5291 ¹⁰autl.et9

834 5346 948 5403 NOTAE.

111 5447 244 5531 'Adtria
257 5450 309 5506 ista
322 5449 570 5536 Saxonumgenera
592 5455 710 5538 respexit
722 5454 865 5540 Witicbisi-
912 5455 1074 5538 capitularis
1097 5456 1161 5538 anni
1175 5455 1234 5537 ltili.
1251 5452 1423 5535 lmoreliqua
1443 5464 1553 5534 'quoque
1577 5449 1698 5521 ejusdem
1775 5508 1780 5520 ,

68 5521 132 5602 dus,
147 5520 199 5574 lib.
219 5535 240 5586 i,
251 5536 315 5645 ffig
335 5520 362 5603 fi,
372 5522 418 5578 ubi
433 5531 472 5577 ait
486 5521 607 5580 Saxones
619 5524 720 5582 divisos
740 5526 822 5583 luisse
835 5543 864 5582 in
912 5525 1075 5609 capitularis
1089 5533 1176 5607 capita
1191 5526 1236 5580 hic
1247 5526 1341 5606 deesse
1361 5522 1496 5604 colligitur
1507 5536 1540 5576 ex
1554 5536 1584 5576 ea
1605 5559 1614 5604 ·.
1638 5535 1696 5603 seq.

68 5589 247 5673 onerates„
295 5593 637 5716 gaudeatqucvestualos.
650 5596 687 5650 ln.
912 5595 991 5652 istius
1005 5594 1188 5665 Capitulans3¹
1210 5609 1272 5649 nam
1294 5594 1488 5662 illicscriptum
1502 5598 1564 5649 est:
1605 5607 1698 5662 ignis

106 5659 228 5730 “Caput
240 5668 295 5715 istu
341 5669 520 5732 compositum
542 5671 629 5722 estex
649 5679 726 5735 capp.
751 5665 816 5733 Μ,
835 5665 862 5731 d,
913 5665 1064 5736 supradicta
1077 5675 1135 5719 octo
1149 5662 1264 5733 capitula
1286 5671 1340 5719 etc.
1360 5663 1398 5717 lit.
1461 5707 1464 5713 .

218 5790 355 5852 Parnoi.
369 5788 495 5853 xcvii.
1276 5846 1280 5851 .
1379 5787 1398 5848 'i
