3826 6112
147 309 202 364 “5
313 304 428 363 GODEX
444 305 744 366 amensamens-
758 308 918 365 [ubolini
937 308 948 364 l
966 309 1011 365 ET
1029 310 1192 370 ternanti
1210 313 1539 376 CAPlTULdeA.-Ait.
1558 320 1622 379 822.
1726 326 1781 387 did

145 420 257 478 ιωιιιιιι
274 418 301 474 in
312 419 412 489 palatio
433 429 527 476 nostro
544 423 679 488 serviunt,
692 431 720 478 et
732 423 791 478 idco
807 439 860 478 neu
877 438 940 493 pos-
953 429 977 486 Λ
989 426 1114 483 volumus
1124 436 1154 483 ιιι
1164 429 1246 499 aliqui
1257 446 1290 486 ex
1297 432 1337 487 eis
1347 433 1457 489 veniant
1466 435 1500 490 ad
1507 437 1635 507 placitum
1646 451 1780 509 nostrum,

146 520 211 568 tunt
221 509 332 564 assidua
355 511 492 565 mmtndire
509 511 625 581 placita:
643 528 724 582 quam
741 528 797 568 rem
814 513 940 568 nolumus
992 519 1100 571 etratlo
1113 531 1207 573 eorum
1221 521 1355 587 audiatur,
1372 531 1403 576 ut
1415 531 1480 579 tunc
1493 526 1640 581 secundum
1660 529 1780 600 aequita-

145 610 179 657 ιιι
187 601 265 656 missi
277 599 364 655 nostri
375 599 418 655 rel
428 615 519 656 eomes
530 603 608 657 uobis
621 611 712 658 notam
729 602 838 670 laeiaiit,
853 613 881 659 et
890 620 942 661 nos
992 612 1046 660 tent
1061 608 1132 662 inter
1148 623 1196 664 eos
1209 609 1321 666 debuine
1330 612 1476 669 ιιιιιιιιιιι.

147 691 280 747 boemus
296 697 326 744 ut
341 689 376 744 ad
384 703 479 744 eorum
490 690 590 759 placita
602 693 720 748 veniant.
998 725 1001 730 ·
1026 698 1053 754 9.
1074 698 1204 756 ruamus
1220 708 1250 754 ιιι
1272 717 1371 758 uxores
1393 702 1579 761 detunctorum
1596 715 1660 778 post
1676 709 1780 765 oblturn

180 781 209 836 ll.
230 780 364 836 Volumus
377 788 408 834 ut
418 781 543 854 ,comites
559 783 606 852 qui
618 794 631 824 ¹
642 781 676 837 ad
688 783 837 839 custodiam
857 785 941 839 mari-
991 791 1150 847 maritorum
1164 793 1271 846 tertiam
1283 802 1387 862 partem
1402 797 1637 863 conlaborationis,
1649 815 1730 869 quam
1743 801 1780 856 si-

148 874 242 928 tiniam
255 872 375 942 deputati
392 879 465 937 sunt,
484 873 647 943 quicumque
660 889 693 930 ex
703 876 743 930 eis
756 876 783 929 in
794 892 844 930 sno
860 877 940 931 mini-
991 880 1047 934 mul
1063 881 1089 935 in
1105 882 1236 938 beneflcio
1249 884 1501 953 conlaboraverunt,
1515 890 1648 959 accipiant
1661 893 1684 945 Β.
1701 891 1735 946 ιιι
1745 893 1780 948 de

149 963 232 1019 aterio
248 961 364 1026 residet,
390 962 536 1017 deiustitia
563 962 685 1019 iacienda
709 980 739 1020 se
760 981 814 1021 non
829 975 939 1024 excuset
990 970 1035 1026 his
1050 972 1132 1028 rebus
1142 988 1210 1043 quas
1221 975 1297 1044 isqui
1314 976 1380 1032 illud
1390 979 1549 1035 beneticium
1560 982 1664 1048 habuit,
1672 982 1780 1044 aliunde

148 1060 258 1121 propter
275 1050 351 1105 iilam
367 1051 530 1117 custodiam
545 1053 593 1108 aed
605 1053 629 1108 si
645 1054 683 1108 ibi
695 1069 787 1110 secum
804 1070 868 1114 suos
879 1072 940 1113 sca-
989 1058 1101 1117 adduxit
1111 1064 1154 1120 rel
1174 1068 1340 1135 conparavit,
1357 1069 1400 1124 vel
1414 1070 1440 1125 ei
1451 1071 1485 1126 ab
1497 1073 1593 1128 amieis
1609 1075 1666 1130 auls
1686 1077 1780 1132 conla-

150 1144 243 1199 bineos
256 1142 392 1207 babuerit,
412 1142 450 1198 ibi
464 1142 593 1213 placitum
609 1151 702 1200 teneat
714 1153 743 1201 et
754 1146 883 1202 iustitiam
898 1145 939 1202 ia-
989 1157 1047 1207 tum
1057 1160 1109 1218 est,
1125 1154 1175 1210 has
1195 1155 1318 1211 volumus
1334 1164 1389 1213 tam
1400 1158 1434 1213 ad
1444 1161 1579 1230 orphanos
1590 1162 1777 1221 detunctorum

151 1233 211 1296 ciat.
989 1258 1069 1314 quam
1084 1246 1118 1300 ad
1133 1262 1232 1302 uxores
1247 1262 1340 1303 eorum
1357 1253 1508 1319 pervenire.

180 1324 208 1379 6.
229 1325 267 1381 lle
288 1324 332 1380 bis
346 1326 393 1395 qui
409 1337 440 1382 se
463 1325 555 1382 dicunt
580 1334 692 1396 propter
709 1328 724 1368 b
740 1327 873 1386 ineestmn
893 1343 938 1384 res
998 1376 1000 1382 ,
1025 1333 1067 1389 to.
1088 1335 1126 1390 lle
1139 1337 1281 1406 aggeribus
1293 1337 1368 1391 iuxta
1382 1339 1499 1408 ligerim
1524 1341 1665 1409 iaciendis,
1680 1351 1711 1398 ut
1727 1345 1777 1400 bo-

153 1418 269 1488 pioprias
283 1418 416 1481 amisisse,
429 1418 604 1473 constitutum
617 1426 669 1482 est,
686 1426 715 1472 ut
727 1419 750 1473 si
768 1420 938 1489 ante-proxi·
988 1437 1040 1478 nus
1054 1424 1153 1479 missus
1174 1424 1261 1480 cidcui
1278 1428 1352 1495 operi
1368 1440 1563 1498 praeponatur,
1582 1441 1609 1487 et
1624 1433 1675 1488 hoc
1690 1431 1777 1504 *Pip-

154 1522 221 1561 mum
242 1507 467 1577 quinquennium,
484 1508 592 1576 quando
608 1507 737 1576 placitum
755 1517 876 1562 nostruin
889 1509 937 1563 ha·
987 1512 1051 1581 pino
1075 1526 1122 1581 per
1136 1522 1256 1569 nostrum
1275 1516 1387 1571 missum
1408 1519 1566 1587 mandetur,
1585 1530 1615 1576 ιιι
1629 1532 1657 1578 et
1680 1523 1726 1579 ille
1740 1525 1776 1579 ad

155 1597 253 1652 buimns
266 1598 295 1651 iii
306 1597 471 1667 compendio
487 1608 510 1664 ι,
528 1598 637 1654 easdem
648 1612 693 1653 res
705 1599 864 1664 amiserunt,
882 1614 937 1654 non
987 1604 1040 1659 hoe
1052 1605 1165 1660 missum
1177 1607 1293 1671 ordinet,
1308 1617 1442 1677 quatenus
1458 1613 1625 1680 praedictum
1637 1629 1705 1684 opus
1717 1629 1776 1685 per-

156 1688 382 1747 oisrestituautur.
987 1696 1105 1752 liniatur.

183 1777 284 1833 hibe
301 1777 535 1834 coniurationibus
564 1793 703 1835 servorum
729 1793 799 1848 quoe
818 1779 887 1833 flunt
904 1769 972 1832 511ss
1020 1788 1273 1846 li.1leduodecim
1286 1791 1414 1860 pontibus
1428 1808 1509 1863 super
1523 1793 1686 1865 Sequanam,
1697 1797 1776 1851 solu·

131 1879 138 1892 ·
157 1868 269 1939 flandris
279 1877 308 1924 et
320 1880 333 1908 θ
345 1869 480 1939 llenpisce
497 1878 525 1925 et
537 1870 565 1925 in
576 1871 691 1925 caeteris
704 1870 846 1925 maritimis
857 1869 934 1935 loeis,
982 1895 1044 1936 mus
1060 1892 1091 1935 or
1103 1881 1130 1936 hi
1143 1898 1274 1954 pagenses
1288 1885 1333 1954 qiii
1349 1900 1397 1941 eos
1411 1885 1502 1941 lacere
1523 1888 1636 1955 debent,
1653 1889 1774 1945 amissis

159 1962 268 2017 ιιιιιιιιιιι
283 1969 313 2016 ut
335 1976 383 2032 per
404 1961 501 2016 missos
528 1970 634 2017 nostros
659 1963 792 2017 indicetur
818 1961 936 2017 dominis
982 1973 1083 2029 nostris
1098 1975 1309 2040 admoneantur,
1325 1983 1413 2033 utens
1425 1977 1549 2032 celeriter
1562 1987 1730 2046 restaurent,
1746 1988 1774 2035 er

160 2066 281 2107 errorum
299 2051 417 2116 illorum,
436 2060 464 2106 ut
476 2053 664 2123 constringant
679 2067 742 2117 eos,
761 2051 878 2107 neultra
894 2060 935 2105 tt·
981 2068 1118 2117 uteorum
1133 2078 1219 2119 vanae
1228 2066 1395 2121 contentioni
1406 2082 1460 2122 non
1471 2068 1650 2131 consentiant,
1664 2072 1772 2138 quando

161 2147 191 2202 let
204 2147 400 2203 coniurationes
420 2146 511 2203 iacere
533 2137 715 2219 praesumant.
744 2150 778 2203 Et
797 2158 827 2204 ut
846 2149 934 2206 sciant
982 2154 1074 2209 dicum
1101 2169 1130 2209 se
1147 2169 1201 2209 non
1222 2156 1306 2210 aliubi
1330 2159 1438 2212 eosdem
1460 2166 1557 2227 pontes
1574 2156 1773 2216 iaceredebere

162 2238 199 2307 ipsi
211 2239 354 2294 eorundem
370 2254 511 2295 serrorum
528 2240 639 2304 domini,
655 2238 727 2309 quod
742 2240 935 2309 cuiuscumque
981 2245 1034 2299 nisi
1048 2245 1095 2300 ubi
1112 2245 1260 2315 antiquitus
1276 2245 1395 2312 lucrant;
1413 2248 1459 2302 sed
1471 2247 1508 2302 ibi
1521 2248 1566 2302 ubi
1578 2262 1649 2303 nunc
1660 2263 1772 2304 necesse

163 2333 216 2385 ιιιιι
228 2332 413 2387 huiuscemodi
422 2332 635 2388 coniurationem
645 2331 735 2386 iacere
746 2346 931 2401 praesumpse
979 2342 1031 2399 est,
1042 2333 1151 2390 eosdem
1162 2343 1258 2403 pontes
1272 2335 1361 2390 lacere
1372 2335 1524 2391 iubeantur.

113 2438 116 2493 ι
163 2423 203 2479 iiot
220 2433 357 2494 postquam
370 2426 410 2480 eis
424 2426 491 2480 baec
512 2433 604 2479 nostra
622 2425 696 2479 iusso
709 2421 789 2479 inerit
801 2423 928 2492 indicata,
994 2427 1059 2482 di.
1079 2427 1117 2483 lle
1139 2429 1264 2483 omnibus
1285 2429 1413 2498 pontibus
1434 2444 1484 2498 per
1507 2444 1618 2499 regnum
1645 2438 1770 2484 nostrum

113 2746 117 2777 ι

113 2780 116 2815 l

113 2846 115 2889 l

163 2514 260 2570 bannum
272 2524 405 2582 nostruin,
422 2516 501 2571 idest
515 2516 655 2586 sexaginta
673 2516 790 2582 solidos,
814 2515 930 2586 ipsedo·
979 2516 1121 2604 iaciendis,
1144 2518 1325 2573 incommune
1347 2519 1423 2575 missi
1442 2520 1526 2575 nostri
1547 2518 1724 2587 admoneant,
1741 2529 1770 2576 ut

164 2608 232 2662 ninus
248 2608 401 2678 persolvere
413 2607 520 2663 debeat.
980 2611 1014 2667 ab
1027 2611 1094 2681 ipsis
1106 2618 1293 2667 restaurentur
1303 2611 1350 2680 qui
1367 2626 1414 2667 eos
1426 2609 1515 2668 iacere
1528 2610 1661 2668 solebant.

185 2699 207 2755 ι.
225 2700 261 2756 lle
277 2707 348 2756 terra
366 2701 395 2755 iii
407 2699 487 2754 litore
501 2697 630 2765 marist,
649 2697 695 2753 ubi
718 2697 802 2752 salem
814 2696 928 2763 iaciunt,

884 2806 1001 2865 NOTAE.

160 2923 216 2978 nina
229 2939 368 2979 vassorum
385 2924 473 2994 posita
484 2933 545 2995 post
559 2923 668 2979 nomina
683 2924 826 2979 missorum
841 2931 867 2977 et
878 2921 959 2983 ιιι-0
974 2916 1141 2975 Glossarium
1153 2915 1184 2970 ι’.
1198 2915 1291 2972 Pithaei
1303 2919 1337 2973 ad
1347 2918 1431 2974 libros
1441 2918 1634 2988 Capitulaiium
1645 2919 1673 2974 in
1683 2922 1768 2978 verbo

159 2994 249 3059 aimm,
266 3003 296 3049 ut
309 2995 337 3049 in
353 2996 446 3048 charta
461 2994 495 3049 de
507 2994 689 3054 controversia
703 3010 763 3063 qum
780 3003 838 3048 erat
854 2994 925 3047 inter
977 2988 1129 3044 reclamare.
1149 2986 1186 3041 ln.
1284 3056 1290 3069 .
1365 3056 1371 3068 .

158 3062 304 3119 iudmarnm
327 3065 558 3134 archiepiscopum
578 3066 754 3121 Viennensem
768 3072 795 3120 et
812 3063 926 3133 Wigeri-
1014 3070 1025 3096 ι
1047 3057 1138 3112 diense
1148 3056 1292 3111 Novembri
1310 3071 1373 3138 anni
1387 3056 1448 3112 tie.
1650 3129 1656 3141 ι

158 3147 203 3187 mm
214 3135 349 3188 comitem.
370 3135 437 3188 heta
452 3134 537 3189 saneti
554 3133 655 3189 hldriei
666 3135 781 3203 episcopi
793 3133 927 3188 Cciienia-
1011 3127 1024 3167 ι
1044 3127 1143 3181 Beatus
1154 3127 1309 3187 Rhenanus,
1325 3127 1406 3193 libii,
1418 3127 1519 3183 Rerum
1532 3126 1763 3199 Germanicarum,

157 3203 243 3259 tensis:
258 3204 403 3273 «Praecepit
415 3201 927 3273 hancjirstitiarninquirereabEbroino
974 3213 1036 3321 plag.
1054 3195 1108 3279 ill:
1135 3216 1144 3248 ι
1161 3198 1199 3251 lle
1211 3195 1397 3278 conjuratione
1421 3213 1561 3279 serrorum
1584 3199 1611 3251 in
1633 3198 1764 3282 Flandris,

157 3269 313 3329 biclariensis
326 3274 400 3329 urbis
413 3276 538 3344 episcopo
548 3283 576 3329 et
586 3274 713 3343 hlorigoni
725 3273 817 3328 comiti
833 3279 860 3327 et
869 3271 927 3324 hlt-
1003 3282 1121 3336 empisco
1130 3275 1158 3321 et
1170 3273 1275 3321 canteris
1285 3266 1318 3320 ad
1329 3281 1403 3320 mare
1421 3267 1488 3322 locis
1498 3267 1570 3323 iacta
1584 3280 1766 3326 meminerunt

156 3356 215 3397 narn
240 3344 416 3401 seneschalco
444 3346 548 3399 domum
572 3343 664 3398 ludith
692 3342 870 3414 imperatricis
898 3350 926 3395 et
975 3338 1048 3408 leges
1059 3337 1234 3391 Francorum.
1251 3357 1260 3388 i
1278 3336 1376 3417 Bipuz.
1541 3407 1546 3419 ι

156 3412 221 3468 nisse
247 3415 381 3484 palatino,
407 3430 459 3468 una
475 3429 536 3469 curn
557 3413 617 3469 aliia
636 3415 721 3469 vassis
745 3412 896 3468 dominicis.
913 3431 922 3465 ι
1012 3418 1025 3446 ⁶
1044 3406 1143 3462 Charta
1156 3406 1243 3461 Caroli
1255 3405 1329 3460 Calvi
1339 3421 1391 3487 pro
1402 3414 1566 3461 monasterio
1582 3409 1667 3463 sancti
1681 3409 1766 3467 Baro-

155 3476 236 3537 tiiua.
974 3476 1017 3532 nis
1027 3477 1098 3546 apud
1111 3476 1231 3530 liiraenm
1242 3477 1270 3530 in
1280 3474 1379 3531 Codice
1389 3477 1562 3532 donationum
1574 3477 1689 3548 piarum,
1702 3495 1734 3550 pa
1756 3520 1763 3535 .

180 3563 191 3590 ·
208 3553 303 3607 beatus
314 3552 468 3616 Rhenanus,
483 3552 530 3608 lib.
544 3569 564 3607 ιι
577 3552 679 3607 herum
692 3551 922 3615 Germanicarum,
975 3545 1029 3602 ιιι
1045 3566 1054 3598 ι
1070 3547 1098 3600 lu
1109 3561 1178 3628 pago
1190 3546 1344 3615 hiempisco,
1367 3547 1395 3600 in
1409 3547 1474 3602 villa
1486 3547 1585 3628 llclsca
1592 3563 1600 3611 ;
1619 3568 1628 3600 i
1654 3550 1699 3604 ubi
1716 3551 1766 3606 iti-

154 3631 200 3689 lap.
213 3622 266 3677 tt:
295 3641 304 3674 ι
331 3622 415 3676 Erant
435 3630 564 3691 practerea
587 3624 699 3678 comites
721 3624 755 3676 ad
775 3620 924 3677 custodiam
974 3632 1045 3673 raeus
1062 3617 1173 3685 conjicit
1189 3616 1324 3698 llelscam·
1339 3616 1453 3672 tortasse
1474 3616 1586 3687 intelligi
1613 3619 1710 3674 debere
1732 3623 1765 3676 de

154 3692 571 3755 mrttmain‚iiemadmareham
584 3692 708 3747 tuendam
720 3692 924 3762 deputati‚quos
974 3687 1034 3742 vico
1056 3687 1114 3757 agri
1128 3687 1264 3749 hlostani,
1283 3702 1326 3740 cui
1351 3685 1433 3740 liache
1454 3703 1550 3742 nomon
1569 3694 1621 3742 est.
1642 3689 1764 3746 Andreas

154 3755 216 3816 bodie
232 3762 404 3817 marchiones
415 3777 552 3817 vocamus.
569 3781 579 3813 i
595 3762 774 3832 Egiiihardus,
787 3762 864 3832 epist.
877 3760 922 3826 ιι,
974 3756 1108 3812 Catullius
1127 3758 1154 3811 iii
1166 3757 1286 3811 Ternaco
1297 3755 1471 3820 Nerviorum,
1488 3772 1548 3826 pag.
1567 3757 1610 3819 ld,
1625 3761 1764 3815 contendit

154 3837 198 3885 tad
206 3833 354 3886 custodiam
372 3833 534 3886 maritimam
546 3832 662 3886 suerunt.
679 3851 688 3882 i
710 3832 747 3885 lo.
974 3826 1111 3896 Menapios
1127 3827 1183 3881 sive
1196 3826 1345 3907 hlenpisces
1360 3826 1466 3908 partini¹
1476 3827 1503 3881 in
1523 3826 1635 3882 diocesi
1658 3828 1763 3885 Torna-

176 3899 268 3956 bileo
289 3901 370 3956 lectio
394 3910 521 3956 constans
543 3910 583 3957 est
607 3901 633 3955 in
660 3903 784 3957 omuibus
806 3900 923 3971 antiquis
974 3897 1047 3952 censi
1063 3897 1154 3957 tuisse,
1169 3904 1308 3976 partimin
1322 3895 1479 3977 Morinensi.
1499 3899 1536 3949 ln.
1573 3965 1579 3976 ·

151 3983 213 4024 trem
232 3971 344 4034 laribus,
362 3972 412 4025 nisi
428 3972 499 4041 qued
511 3973 538 4026 iii
554 3972 720 4041 iiivipulensi
732 3972 828 4041 legitur
839 3971 924 4024 incer·
1011 3965 1021 4005 ¹
1042 3966 1191 4021 Hieremias
1202 3966 1228 4019 in
1241 3973 1319 4034 epist.
1332 3965 1364 4018 ad
1375 3965 1526 4019 Frotarium
1538 3977 1691 4044 episcopum
1703 3965 1763 4019 Tul-

149 4047 202 4093 ιιιιι.
214 3986 327 4096 geteres
340 4042 442 4096 librarii
456 4042 590 4096 interdum
639 4042 794 4095 rmutabant
808 4040 923 4094 haecro·
973 4035 1084 4101 lapsam,
1103 4050 1163 4106 quae
1184 4034 1513 4117 est-vigesima'septima
1543 4042 1612 4087 inter
1636 4035 1762 4117 epistolas

148 4109 243 4173 cabula,
261 4117 292 4164 ut
311 4111 338 4164 in
350 4111 392 4164 ιιι.
407 4111 438 4164 ιι
458 4112 574 4182 capitul.
621 4111 687 4166 areli
711 4111 795 4174 Calvi,
817 4125 875 4177 cap.
893 4108 919 4172 5,
973 4103 1091 4174 ejusdcm
1104 4106 1260 4160 Frotharu:
1287 4103 1431 4173 ‹Coiitigit
1457 4120 1485 4157 in
1510 4111 1601 4158 nostra
1623 4119 1761 4174 provincia

146 4176 268 4234 iuncum
282 4182 359 4233 etium
375 4182 500 4235 incertam
514 4183 685 4264 propinquam
695 4198 786 4245 aitom,·
804 4195 853 4249 pro
868 4195 921 4248 quo
973 4177 1097 4244 prasenti
1111 4191 1181 4230 anuo
1192 4174 1231 4229 sal
1248 4174 1304 4228 iore
1318 4175 1498 4255 carissimum,
1518 4188 1551 4228 eo
1564 4176 1636 4242 quod
1652 4183 1762 4244 propter

144 4244 240 4304 ianoe.
255 4251 342 4304 sancti
354 4251 487 4306 vincentii
505 4250 631 4306 Metensia
642 4251 770 4320 seriptum
784 4256 826 4304 est
837 4250 922 4303 incer·
936 4273 960 4333 ὓ
972 4245 1076 4315 pluuias
1091 4246 1119 4300 in
1132 4246 1203 4299 areis
1217 4244 1370 4309 maritimis,
1392 4245 1438 4299 ubi
1449 4243 1507 4298 fieri
1519 4244 1633 4301 solebat.
1646 4261 1700 4301 nun
1710 4261 1761 4316 po-

144 4325 200 4372 ιιιιι.
213 4319 247 4372 Et
262 4320 289 4373 iii
303 4319 455 4375 decretione
468 4320 632 4376 childeberti
645 4321 734 4390 regis,
753 4335 812 4389 cap.
824 4319 856 4382 ι,
871 4333 921 4387 pro
972 4315 1066 4369 tuissct
1083 4315 1185 4385 persici.
1203 4336 1213 4367 t
1233 4315 1270 4368 ln.
1627 4385 1633 4397 ι

143 4397 172 4442 to
184 4389 255 4470 quod
267 4389 323 4444 illic
335 4398 407 4444 recte
422 4391 528 4459 legitur,
545 4392 670 4445 incestum
682 4407 758 4446 naam
780 4390 828 4443 sibi
842 4390 921 4442 acciet
1007 4387 1020 4424 ⁸
1040 4384 1096 4454 liae
1112 4386 1170 4454 lege
1191 4386 1290 4439 abusus
1312 4383 1449 4466 (lallomim
1463 4398 1512 4466 rex
1531 4383 1759 4467 {audericuslllll

142 4459 267 4528 miagio,
282 4467 388 4514 veteres
410 4460 470 4515 libri
493 4460 652 4516 liheinensis
672 4469 700 4516 et
724 4458 921 4513 bellovacensis
970 4463 1031 4525 post
1042 4454 1156 4525 Philippi
1173 4455 1206 4509 lll
1225 4454 1411 4524 Hispaniarum
1425 4456 1612 4525 regrsebrtum
1626 4455 1760 4512 Βθιιιιιιιιι

141 4519 235 4581 babent
248 4529 385 4582 incertam.
402 4529 454 4584 Sed
472 4540 500 4584 ιιι
511 4529 544 4583 ad
558 4545 614 4584 rem
629 4537 747 4585 nostram
769 4529 919 4591 redeamus,
971 4525 1048 4595 quasi
1058 4524 1121 4590 jure
1138 4525 1317 4580 devolutionis
1331 4525 1484 4594 occuparit.

141 4604 239 4651 oertum
255 4606 297 4652 est
310 4598 355 4655 liic
366 4599 505 4670 legendum
516 4614 576 4656 esse
588 4602 626 4654 uti
638 4616 689 4655 iios
699 4599 841 4654 edidimus.
858 4598 923 4652 llide
1006 4595 1022 4636 ι
1042 4595 1108 4666 Regi
1125 4595 1287 4667 Aquitaniae,
1302 4594 1343 4649 Pii
1353 4594 1419 4650 filio.
1433 4594 1534 4651 Baton.

716 4744 1741 4778 ——-————-—-—-——-

390 4804 408 4826 ⁴
512 4836 759 4898 uieiruiann
777 4810 1066 4898 irriuiicnusu
1088 4834 1161 4915 (in,
1185 4837 1255 4914 aaa,
1272 4840 1380 4919 aug).

762 4954 1129 4972 ———=—d

168 5044 259 5100 ilense
272 5045 393 5111 Augusto
415 5041 477 5096 anni
490 5041 543 5095 ιιι
562 5042 712 5106 Ludovicus
733 5043 879 5112 imperator
893 5043 1021 5099 Attiniaci
1036 5044 1063 5098 in
1077 5042 1185 5112 publico
1204 5052 1336 5098 conventu
1355 5043 1388 5098 de
1400 5044 1435 5100 iis
1449 5058 1509 5113 qum
1532 5043 1560 5098 iii
1573 5044 1671 5101 iratres
1682 5060 1756 5113 suos,

136 5114 320 5172 Beniliardum
342 5119 475 5181 nepotem,
490 5120 517 5165 et
538 5112 721 5168 adalhardum
745 5123 825 5182 atque
846 5112 1003 5168 Walaehum
1019 5121 1186 5183 peccaverat,
1210 5112 1395 5182 inpraesentia
1411 5115 1597 5184 totiuspopuli
1620 5115 1755 5183 publicam

134 5183 331 5241 mulcationem
350 5180 414 5237 seoit
427 5187 454 5234 et
466 5181 653 5250 penitentiam
669 5199 684 5238 e
703 5184 733 5246 it,
755 5192 782 5237 et
795 5183 926 5252 quidquid
943 5183 1070 5237 similium
1090 5199 1180 5237 rerum
1193 5182 1261 5236 vela
1283 5198 1312 5237 se
1325 5183 1365 5237 vel
1380 5198 1395 5236 a
1413 5194 1489 5252 patre
1499 5199 1548 5239 suo
1562 5183 1662 5239 iactum
1681 5185 1756 5242 inve·

131 5256 190 5312 aire
205 5252 304 5326 potuit,
324 5266 429 5306 summa
445 5251 586 5307 devotione
602 5199 746 5308 emengare
765 5252 868 5308 curarit
884 5265 908 5304 ι.
929 5251 1031 5319 Quibus
1049 5253 1081 5307 de
1098 5254 1179 5308 rebus
1198 5253 1269 5306 edita
1285 5251 1408 5322 capitula,
1426 5254 1565 5323 hueusque
1579 5254 1756 5326 inedita,J'am

131 5339 163 5383 ex
176 5324 280 5383 codiee
295 5319 362 5376 bibl.
376 5320 480 5376 ducalis
491 5320 708 5394 Goellerbytanoe
721 5321 951 5392 blankenburgico
960 5321 1008 5378 lol.
1023 5322 1139 5378 iteret
1152 5322 1205 5378 luci
1221 5323 1395 5377 restituimus.

150 5444 220 5491 ma
237 5443 302 5483 ιιιιι
315 5443 446 5484 caurauni
464 5443 546 5484 noiuu
564 5445 688 5485 cononici
703 5444 890 5487 invenireris.
968 5432 1089 5500 piissimo
1100 5433 1188 5489 studio
1211 5432 1351 5497 admoniti,
1374 5440 1515 5503 vestroque
1535 5434 1616 5491 etiam
1636 5435 1757 5494 adoher

159 5521 189 5578 l.
209 5519 260 5576 bei
274 5519 356 5590 igitur
375 5519 567 5590 omnipotentis
584 5520 760 5589 inspiratione
774 5530 918 5601 vestroque
970 5521 1040 5579 rimo
1051 5523 1173 5593 exemplo
1186 5525 1333 5594 provocati,
1345 5520 1513 5591 continemur,
1529 5541 1579 5582 nos
1596 5525 1757 5598 inpluribut

882 5632 997 5692 NOTAE.

156 5742 171 5771 ⁸
191 5727 325 5784 iliubardi
337 5725 465 5794 Aimalcs,
482 5738 511 5798 p.
524 5724 587 5783 209.
