3826 6112
145 224 212 326 toto

142 402 193 455 ique
206 386 385 458 erigendum,
406 400 453 440 seu
469 385 634 452 arausiones,
654 393 700 438 aut
719 394 824 453 paratas
839 381 936 439 lncicn·
952 382 977 440 Α

142 481 217 544 ιιιιιιι,
233 480 275 534 rol
291 478 464 548 lidelttssures
479 476 642 541 tollendum,
657 489 702 531 aut
719 476 840 531 ltuntioes
855 478 940 545 ips'ns

146 569 267 623 ecclesie
290 577 383 623 contra
413 566 525 619 rationis
550 565 671 620 ordinem
702 565 937 636 ilestringendom,

145 674 232 727 tneque
247 658 550 711 noiascoosuetudines
572 656 782 723 imponendum,
804 670 854 712 nec
873 657 940 710 ullas

143 749 334 804 redhibitiones
347 748 467 817 publicas
479 747 669 817 reqirirendum
683 748 737 802 ullo
747 763 863 816 unqttanr
874 758 940 802 tem·

143 854 207 908 pore
222 841 352 906 ingerere,
368 846 414 892 ant
428 847 553 892 ciaenre
572 839 678 906 pertitus
694 838 870 907 praesumatis,
892 837 939 893 scil

141 931 192 984 snb
214 929 392 983 ivntnunitatis
415 929 524 983 nomine
547 929 636 983 valeat
659 938 821 982 memoratus
844 926 938 992 David,

142 1022 252 1092 ejsuque
272 1036 444 1076 successores
459 1021 504 1090 qui
527 1036 573 1087 per
593 1029 714 1088 lentpora
731 1019 829 1074 luerint
850 1019 939 1089 quiete

141 1114 248 1167 cbristo
263 1114 377 1182 propitio
391 1115 495 1178 virere,
506 1126 537 1166 ac
554 1112 672 1166 residere
682 1123 816 1180 «quatenus
829 1112 868 1166 sic
883 1127 938 1165 ino·

142 1204 193 1257 lius
207 1204 324 1258 delectet
346 1218 395 1272 pro
416 1204 502 1259 nobis.
526 1204 707 1272 uxoribusque
724 1204 833 1265 nostris,
855 1217 886 1257 ac
908 1203 939 1256 li·

142 1293 214 1349 beris
228 1294 326 1349 uostris
342 1294 448 1348 bonum
469 1292 680 1347 misericordiam
703 1293 831 1345 attentius
842 1291 939 1360 depre-

141 1384 214 1449 cari,
230 1393 257 1437 et
271 1393 300 1437 ut
314 1384 371 1437 bec
383 1383 573 1436 authoritatem
590 1381 736 1436 tirmioretn
754 1382 888 1447 babeant,
906 1395 938 1436 ac

143 1475 238 1528 inituris
249 1473 413 1542 temporibus
425 1474 551 1527 inviolata
563 1482 756 1526 conserventur
771 1487 865 1526 triatrus
878 1487 938 1536 pro-

142 1568 208 1632 prian
221 1563 415 1631 subscriptione
435 1578 494 1617 eam
509 1562 677 1618 decrevimus
701 1564 840 1626 roborare,
861 1571 888 1618 et
904 1564 938 1617 de

142 1656 243 1710 attitulu
257 1666 349 1710 nostro
361 1656 489 1725 jussimus
501 1657 629 1726 sigillare.

178 1748 287 1818 Signum
301 1746 389 1800 Caroli
404 1747 589 1814 gloriosissimi
605 1747 684 1816 regis.

99 1885 104 1895 ,
179 1838 272 1890 batum
296 1851 314 1891 ιι
332 1834 448 1893 llalcml.
464 1836 563 1905 Aprilis
579 1849 649 1890 anno
671 1850 734 1889 svnt
750 1846 777 1891 ct
791 1851 834 1890 sta
850 1834 935 1890 nostri

142 1928 228 1997 regin.

176 2026 272 2074 actum
286 2017 393 2088 Capua.
411 2018 438 2072 ln
455 2017 500 2074 [ιιι
515 2019 623 2073 nomine
638 2017 760 2074 feliciter.
775 2019 872 2073 dinen.

506 2133 563 2188 xtt.

141 2224 263 2298 lliquaiua
290 2223 377 2280 Caroli
406 2223 496 2365 mim
523 2226 707 2363 pr709'3ceiesia
744 2223 936 2280 Mediolanensi

468 2311 537 2350 vitiata
620 2337 627 2348 .

351 2405 399 2467 (Ex
411 2407 540 2470 Ugbellio,
553 2404 621 2456 ltalia
633 2406 729 2469 Sacra.)

178 2511 291 2565 Carolus
309 2512 391 2580 gratia
415 2511 460 2566 liei
483 2528 528 2565 vor
550 2511 712 2566 Fraitcnmm
732 2521 760 2566 et
780 2511 935 2582 longobar·

140 2601 247 2665 drictum,
262 2613 341 2672 atque
357 2601 482 2669 patricius
494 2601 684 2657 lutitianorum.

178 2691 242 2744 ltlnd
259 2704 374 2760 statiique
392 2691 425 2743 sd
445 2699 575 2745 internam
591 2691 793 2756 beatitudinem,
815 2705 863 2747 seu
877 2701 933 2745 sta·

141 2780 271 2834 bilitatem
286 2780 360 2850 regni
372 2779 468 2843 nostri,
484 2779 511 2833 in
527 2780 573 2834 liei
594 2781 704 2835 tremine
720 2782 857 2850 pertinere
868 2797 934 2838 coti·

142 2869 257 2935 hdirrms,
284 2872 306 2925 si
333 2870 414 2940 justis
438 2870 613 2939 petitionibus
646 2887 786 2926 seriorum
818 2870 878 2938 liei,
905 2873 930 2928 in

140 2978 192 3032 qno
211 2963 320 3019 auribus
335 2965 434 3018 nostris
451 2960 591 3032 patefacio
611 2962 723 3028 luerint,
742 2960 856 3019 libenter
878 2965 930 3020 ob·

139 3064 331 3123 tertrperannu,
345 3064 423 3124 atque
442 3055 475 3108 ad
496 3053 621 3109 enectum
636 3053 821 3123 producimus.
847 3055 929 3125 igitur

140 3157 231 3199 vinium
247 3145 281 3199 sit
295 3146 416 3199 omnium
437 3145 566 3226 ιιιιιιιιιιιιΙ
576 3155 727 3198 nostrorum
742 3144 930 3214 magnitudini,

141 3237 312 3306 praesentium
328 3237 442 3298 scilicet,
455 3247 482 3290 et
496 3235 656 3299 futurorum,
671 3235 837 3306 qualitervir
851 3250 930 3293 vene

141 3325 232 3380 rabilis
247 3327 352 3392 Petrus,
366 3340 465 3380 sauctae
475 3324 711 3380 llediotanensium
723 3327 797 3381 urbis
808 3327 930 3383 ecclesiae

140 3421 292 3489 opiscopus,
304 3419 442 3474 serenitati
455 3419 527 3486 regni
543 3420 628 3474 nostri
649 3419 787 3484 successit,
816 3421 931 3490 qualiter

145 3509 179 3562 ob
195 3521 312 3561 atriorem
330 3507 387 3571 bei,
402 3518 429 3561 et
447 3509 644 3562 venerationem
669 3513 755 3562 savit-ti
783 3509 930 3578 divtbroail,

949 1726 974 1786 B

139 3597 219 3666 iuxta
232 3614 343 3667 corpora
359 3609 511 3655 sanctorum
528 3612 672 3670 martyrum
688 3600 800 3655 l‘rotasii
815 3611 841 3656 et
863 3600 929 3657 Ger·

138 3688 220 3752 vasii,
256 3701 302 3741 seu
330 3687 413 3756 ipsius
442 3685 588 3741 beatissimi
625 3685 790 3742 confessoris
816 3686 928 3752 Christi,

140 3778 291 3833 coetmbium
308 3777 458 3830 institutum
475 3777 582 3840 babeat,
605 3783 684 3845 alque
709 3778 854 3831 monachos
879 3778 928 3831 ibi·

138 3872 199 3925 dem
215 3872 264 3924 snb
278 3871 369 3938 regida
388 3869 472 3955 sancti
490 3869 626 3926 bertedicti
642 3869 757 3934 noviter,
773 3868 818 3939 qni
835 3868 927 3925 laudes

140 3963 194 4017 Ιιιο
208 3963 262 4017 illic
274 3963 382 4019 sedulas
398 3961 540 4027 referrent,
555 3969 582 4017 et
597 3976 644 4029 prn
659 3961 784 4016 felicitate
797 3962 880 4032 regati,
897 3976 929 4016 ac

139 4053 218 4107 tinius
245 4053 334 4120 popuii
357 4053 496 4106 cirninum
526 4052 664 4120 sospitate,
700 4067 748 4106 seu
781 4067 828 4120 prro
857 4063 927 4108 stain

136 4153 236 4197 sanetae
248 4144 455 4198 llediolnmttsis
471 4144 592 4198 ecclesiae
606 4151 760 4209 exorarent,
775 4144 927 4200 eonstituis-

138 4246 193 4303 sot,
222 4243 305 4302 atque
321 4235 384 4288 inibi
410 4235 591 4289 venerabilem
609 4235 780 4289 benedictum
797 4237 927 4305 presbite-

137 4340 197 4379 rmu
229 4326 351 4379 altbatem
370 4327 533 4393 ordinasset,
560 4325 631 4380 uude
659 4326 735 4393 petiit
756 4327 925 4380 elementiam

136 4415 304 4469 celsitudinis
324 4425 435 4478 vautra,
450 4423 479 4467 nt
500 4415 601 4480 cornia,
630 4414 768 4483 quidquid,
796 4416 853 4484 ipse
878 4430 967 4490 prop

136 4507 228 4562 diuino
245 4508 341 4560 irttnito
356 4506 387 4559 ad
401 4506 570 4575 jamdictum
587 4508 779 4562 monasterium
796 4524 828 4562 er
846 4508 925 4564 rebus

138 4597 259 4653 erotema
269 4610 324 4650 stra
337 4595 543 4650 llediotanensis
558 4596 667 4666 largitus
678 4607 728 4664 est,
741 4599 782 4652 rel
797 4599 926 4653 moderno

581 269 612 325 tt.
631 267 757 324 cattoit
777 268 884 325 beent
903 264 980 324 bt‘l‘.

1003 267 1092 324 nans
1111 265 1131 335 l,
1153 267 1275 324 sectio
1296 268 1325 323 tt.
1717 265 1786 322 ttae

990 381 1070 448 siutu,
1087 383 1216 451 nobisque
1238 376 1288 451 pei
1305 379 1394 435 otrrnit
1412 379 1517 435 lidelem
1533 394 1614 445 sitper
1627 396 1658 434 se
1685 396 1787 436 meun-

991 473 1055 527 dtun
1072 473 1194 527 ordiuem
1207 482 1340 537 saiictum,
1356 478 1383 525 et
1403 472 1522 537 regulam
1545 469 1630 524 sancti
1649 470 1788 528 liettedicti

990 564 1106 634 eligendi
1128 565 1263 619 abbatem.
1278 562 1362 632 ilarius
1376 564 1533 630 petitionem
1558 573 1669 631 proptrer
1684 578 1788 620 ttontett

991 655 1105 721 Danum,
1131 667 1158 710 et
1172 656 1348 711 reuerentiam
1375 656 1458 723 ipsine
1472 657 1557 711 sancti
1585 655 1647 719 laci,
1665 656 1784 712 meritis·

990 763 1042 818 que
1062 749 1162 802 sanctis
1181 748 1310 803 antedicti
1330 747 1463 814 potitilicis
1477 747 1716 816 compellentibus,
1735 765 1782 801 no-

991 839 1234 907 luimusdenegare
1250 854 1257 903 ;
1272 837 1320 892 scil
1339 837 1365 891 in
1381 837 1553 907 elcetnosyna
1569 846 1662 890 nostra
1676 837 1714 892 ita
1724 851 1787 891 con·

990 930 1113 996 cessisse,
1137 942 1218 1000 atquc
1234 931 1260 983 in
1281 930 1407 983 omnihus
1421 929 1596 984 conlirmasse
1615 929 1784 997 cognoscito.

990 1022 1156 1090 Qttapropter
1185 1036 1234 1089 per
1261 1029 1422 1090 praesetnem
1450 1021 1639 1074 auctoritatem
1663 1032 1783 1076 nostram

989 1114 1169 1179 deceruimus,
1184 1128 1215 1168 aa
1226 1113 1354 1185 jubemus
1370 1124 1399 1167 ut
1411 1113 1480 1168 sicot
1491 1123 1599 1168 constat
1612 1115 1645 1168 ab
1655 1112 1713 1183 jam
1729 1114 1783 1169 lato

990 1204 1059 1270 viro,
1086 1204 1234 1259 venerabili
1252 1204 1331 1259 l‘etrn
1343 1203 1558 1271 archiepiscopo,
1576 1205 1782 1270 uionasterium,

990 1303 1019 1348 ut
1042 1309 1121 1363 sopra
1154 1294 1379 1362 memorabamus,
1406 1294 1482 1364 justa
1496 1308 1613 1363 corpora
1626 1306 1781 1352 sanctorum

989 1394 1136 1456 triartymm
1180 1383 1294 1439 Protesii
1321 1393 1350 1440 et
1376 1384 1509 1453 Gervasii,
1545 1400 1594 1441 seu
1622 1389 1783 1444 contemmis

988 1473 1088 1528 Cltristi
1105 1473 1250 1536 Ambrosii,
1269 1486 1321 1528 una
1340 1488 1400 1528 cunt
1416 1474 1584 1543 adjacentiis,
1598 1475 1640 1530 vel
1652 1480 1782 1549 appendi·

989 1566 1033 1618 tiis
1054 1564 1136 1634 ipsius
1157 1564 1323 1631 inarrasterii,
1337 1564 1488 1620 stabilitum
1508 1581 1580 1629 esse,
1597 1566 1721 1636 inspecta
1747 1569 1783 1638 ip

989 1660 1045 1710 sios
1057 1658 1216 1711 atrcvoritate
1231 1671 1277 1724 per
1292 1656 1344 1711 boc
1361 1665 1482 1711 nostrum
1497 1659 1650 1714 serenitatis
1666 1675 1795 1737 praecep-D

990 1760 1056 1812 tuin,
1071 1755 1151 1816 atque
1162 1746 1372 1801 cavtltrmatioois
1386 1746 1485 1801 donum
1502 1754 1638 1817 perpetuis
1652 1753 1780 1820 tempori·

989 1837 1037 1890 bos
1059 1835 1120 1904 jore
1142 1837 1294 1891 lirinissimo
1317 1836 1450 1892 stabiliter
1473 1853 1631 1906 permanere
1656 1840 1776 1898 babeat:

986 1940 1015 1984 et
1029 1943 1114 1997 neque
1127 1929 1209 1983 abbas
1222 1928 1320 1983 ibidem
1335 1930 1476 1986 ordinetur
1489 1940 1635 1989 extraneus
1648 1934 1706 1989 ttllo
1726 1952 1778 1990 tro-

988 2033 1066 2088 qnam
1093 2028 1224 2084 tempore,
1244 2018 1295 2072 nisi
1318 2032 1351 2073 ιι
1367 2019 1424 2086 ipsa
1439 2023 1662 2090 congregatione,
1679 2033 1710 2078 ut
1735 2040 1778 2078 su·

989 2125 1036 2179 pra
1064 2111 1188 2175 diximus,
1205 2121 1306 2166 sauctae
1328 2111 1375 2168 bei
1389 2112 1511 2168 ecclesiae
1526 2114 1776 2184 llediolancnsinrn,

987 2202 1116 2272 nobisque
1134 2219 1183 2274 per
1205 2204 1294 2259 otttnia
1323 2204 1420 2271 litlelis,
1446 2220 1527 2276 quem
1555 2208 1651 2264 iratres
1678 2209 1777 2282 eligere

987 2292 1129 2359 voluerint,
1145 2294 1189 2363 qui
1209 2309 1255 2348 eos
1278 2296 1425 2350 secuudum
1440 2295 1545 2352 divinas
1568 2299 1643 2370 leges
1665 2310 1694 2357 et
1708 2317 1777 2371 regn

988 2383 1040 2436 lain
1080 2383 1165 2438 salicti
1196 2383 1332 2439 licitedicti
1370 2387 1458 2440 valeat
1490 2388 1656 2458 gubernare.
1687 2390 1720 2446 Et
1744 2395 1774 2445 ita

987 2491 1139 2546 censemus,
1161 2486 1191 2532 ut
1214 2479 1303 2532 nuilite
1316 2478 1350 2533 de
1363 2480 1463 2535 nostris
1490 2483 1706 2550 suecessoribus,
1732 2498 1774 2538 sco

988 2569 1105 2635 predicti
1121 2569 1267 2638 pontilicis,
1289 2584 1418 2640 unqtiam,
1435 2571 1504 2626 banc
1527 2583 1649 2628 nostram
1665 2575 1774 2644 disposi-

987 2659 1099 2724 tionem,
1121 2648 1200 2729 qnam
1221 2675 1269 2729 pro
1289 2676 1382 2716 amore
1399 2661 1469 2717 beati
1492 2662 1594 2720 Cbristi
1616 2664 1774 2721 confessoris

985 2751 1120 2807 diabrosii
1131 2767 1179 2807 scu
1196 2753 1339 2808 stabilitate
1350 2754 1426 2823 regni
1440 2755 1535 2822 nostri,
1547 2757 1771 2820 conlirmarinrus,

986 2844 1137 2913 irrumpere
1151 2855 1231 2915 atqtre
1245 2845 1384 2902 destruere
1405 2857 1565 2916 prasumat,
1581 2850 1630 2906 sed
1642 2864 1670 2905 ut
1685 2853 1774 2908 meiius

986 2935 1102 2990 delectet
1120 2938 1193 3004 lpsos
1206 2949 1299 2992 scruas
1320 2936 1377 3002 liei,
1388 2938 1433 3006 qui
1447 2939 1499 2994 sub
1520 2953 1616 2995 noritis
1634 2941 1772 2998 beatitudi-

990 3028 1032 3082 nis
1053 3027 1152 3082 ibidem
1166 3029 1248 3082 vitam
1263 3043 1310 3098 per
1325 3037 1444 3100 tempora
1466 3030 1567 3103 degere
1580 3033 1709 3089 ridentur
1730 3047 1773 3104 pro

985 3115 1063 3171 nobis
1086 3132 1222 3185 usuraque
1249 3130 1352 3188 nostra,
1368 3135 1399 3176 ae
1422 3121 1525 3189 liberis,
1554 3138 1603 3180 sen
1633 3128 1774 3183 stabilitate

982 3206 1057 3276 regui
1070 3207 1165 3272 nostri,
1179 3207 1282 3264 bomini
1297 3209 1510 3267 misericordiam
1520 3212 1626 3283 jugiter
1651 3232 1773 3284 exonie,

983 3295 1082 3350 nostris
1097 3295 1152 3349 ben
1166 3297 1274 3365 auspice
1289 3296 1439 3369 futurisque
1451 3303 1623 3370 temporibus
1638 3305 1774 3360 inuiolabi-

983 3385 1044 3442 liter
1056 3395 1138 3455 atque
1159 3386 1380 3457 irrefragabiliter
1400 3392 1556 3460 perdurare,
1570 3395 1613 3450 ιιι
1628 3398 1773 3452 carosianae

981 3476 1087 3532 debeat.
1111 3477 1145 3533 Et
1165 3487 1194 3532 ut
1215 3478 1271 3534 baec
1285 3483 1431 3536 auctoritas
1455 3481 1560 3538 tirmior
1575 3484 1709 3541 habeatur
1736 3487 1772 3541 sel

982 3581 1029 3635 per
1044 3578 1162 3636 tempora
1174 3577 1358 3635 cnrtserretur,
1374 3585 1453 3624 manu
1468 3582 1559 3625 nostra
1588 3574 1686 3629 subter
1713 3589 1770 3628 eoru

979 3657 1107 3713 reiterare
1123 3655 1304 3727 decernimus,
1321 3665 1401 3729 atque
1425 3659 1525 3714 anituln
1540 3669 1636 3716 aostm
1660 3661 1766 3733 sigillari
1792 3655 1794 3658 ’

977 3745 1116 3815 jussimus.

1015 3838 1124 3908 Signum
1139 3839 1159 3909 †
1172 3838 1261 3895 Caroli
1275 3839 1422 3909 gloriosiss.
1438 3842 1519 3910 regis.

1014 3929 1073 3983 Dat.
1088 3931 1114 3985 in
1129 3945 1222 3986 menso
1235 3932 1327 4000 Aprile
1340 3946 1411 3986 snitu
1434 3931 1565 4003 vigesimo
1589 3933 1719 3999 secundo,
1744 3944 1769 3986 ct

978 4016 1081 4073 decimo
1102 4021 1217 4086 septimo
1232 4021 1306 4090 regni
1324 4021 1418 4078 nostri.

1012 4112 1109 4164 Actum
1126 4110 1266 4165 Placentiae
1278 4125 1311 4166 es
1327 4111 1429 4167 Palatio
1444 4122 1538 4168 nostro
1562 4114 1671 4182 publico
1687 4117 1713 4170 iu
1728 4115 1771 4171 [ιιι

978 4203 1085 4256 ιιιιιιιι
1100 4200 1171 4256 lelio.
1181 4204 1277 4257 Amen.

1342 4296 1411 4353 lllil.

1029 4405 1152 4478 Dipiouia
1175 4406 1263 4462 duali
1284 4406 1376 4478 Magni
1391 4425 1439 4477 pra
1460 4411 1566 4465 aecimis
1587 4411 1721 4469 &odensi

1299 4477 1379 4549 (anim
1393 4480 1468 4549 tol).

1084 4588 1131 4648 llis
1144 4589 1266 4652 lignallia,
1280 4589 1348 4641 ltalia
1362 4591 1445 4651 Sacra,
1457 4599 1515 4644 tom.
1529 4593 1560 4654 ι,
1574 4608 1599 4657 p.
1615 4598 1681 4656 ιιι.)

137 4701 258 4758 tempore
284 4688 381 4741 ibidem
405 4687 479 4757 justo
504 4691 610 4743 tramite
634 4688 785 4758 delegatum
813 4690 873 4755 luit,
900 4699 927 4744 et
1009 4694 1221 4763 Caroiivsgratia
1238 4693 1344 4749 botrax
1360 4694 1767 4764 Francborum,elLontbard···

138 4793 207 4833 nurtc
216 4779 298 4847 juste,
314 4788 341 4831 et
356 4776 548 4832 rationabiliter
561 4779 682 4847 partibus
695 4779 778 4847 ipsius
792 4789 926 4835 ronnaste·
976 4801 1047 4848 mm,
1057 4794 1085 4840 et
1098 4787 1228 4841 Patricius
1238 4787 1430 4845 Romanorum.
1442 4789 1587 4844 Maximum
1600 4794 1676 4863 regni
1689 4794 1768 4848 nostri

135 4868 167 4925 rii
193 4868 328 4938 possidere
341 4870 519 4937 digno-citur,
535 4870 575 4924 vel
592 4872 660 4938 quod
679 4871 705 4923 in
721 4881 802 4925 antea
827 4888 842 4926 a
871 4872 925 4927 beo
976 4875 1002 4929 in
1018 4875 1069 4928 buc
1082 4890 1181 4944 angere
1196 4875 1329 4929 credimus
1340 4877 1546 4943 munimentum,
1562 4880 1586 4932 si
1600 4882 1769 4949 petitionibus

136 4961 290 5015 timentibus
313 4961 477 5025 ttirvniuibus,
495 4961 628 5017 tribuente
654 4961 776 5028 bomine,
792 4963 924 5030 additum,
974 4966 1154 5029 sacerdotnm,
1168 4965 1209 5020 vol
1220 4980 1359 5019 seriorum
1372 4966 1429 5029 bei,
1443 4966 1470 5020 in
1484 4981 1538 5034 quo
1549 4970 1653 5024 nostris
1663 4973 1769 5026 acribus

134 5049 177 5102 rei
187 5050 335 5118 delegatum
347 5051 437 5112 inerit,
450 5051 550 5104 nostris
561 5051 677 5104 oracnlis
692 5053 847 5119 plenissime
860 5069 924 5108 cntr-

135 5137 242 5193 llrmare
260 5141 434 5205 deberemus;
451 5151 583 5210 qnatenus
594 5142 645 5196 sub
659 5143 788 5213 regimine
808 5157 835 5198 et
850 5158 925 5214 pote·

135 5236 204 5282 state
211 5231 368 5296 rectoribus,
379 5233 423 5298 qni
431 5229 648 5297 inerint,sanctac'
663 5234 868 5290 Mediolanensis
878 5251 924 5291 ec·
964 5268 969 5276 =

133 5320 420 5390 ciscissensium
434 5331 562 5378 statutum
577 5341 638 5380 esse
650 5329 849 5384 cerniturnmni
858 5339 924 5384 tem-

136 5412 924 5485 pnrepermaneredebeat,etqiiandnquldemdivinaroca·

84 5545 86 5550 .
134 5500 206 5555 tiorm
231 5503 313 5557 abbas
332 5517 364 5557 es
381 5503 442 5572 ipso
456 5505 619 5559 moitasterio
635 5507 669 5561 de
684 5507 733 5560 baa
749 5508 809 5563 lnce
824 5507 857 5561 ad
872 5506 925 5562 llo·

976 5057 1159 5126 patefecerint,
1185 5056 1300 5111 libenter
1322 5057 1491 5122 obaudimus,
1508 5068 1536 5112 et
1549 5073 1598 5112 ess
1622 5062 1649 5114 in
1662 5059 1709 5116 [tei
1725 5076 1769 5113 oo·

975 5150 1048 5201 tuine
1061 5146 1093 5199 ad
1108 5146 1234 5200 elfectum
1247 5147 1428 5215 perducimus.
1445 5147 1526 5214 igitur
1541 5156 1637 5202 notiam
1661 5151 1697 5203 sit
1714 5166 1769 5202 tritt·

976 5241 1048 5294 nium
1075 5237 1191 5292 inlelium
1217 5247 1367 5292 vtnstrornnt
1394 5238 1569 5307 ntagoitodini
1599 5241 1767 5309 praeentiam

974 5328 1086 5391 seilicet,
1101 5338 1127 5381 et
1147 5328 1306 5390 luturormn,
1332 5328 1447 5395 qualiter
1467 5343 1517 5383 nos
1539 5340 1651 5398 propter
1673 5346 1767 5385 nonien

975 5419 1080 5474 llotulni
1102 5418 1135 5471 ad
1160 5429 1281 5472 eternam
1306 5419 1551 5473 remunerationem
1573 5420 1656 5474 talem
1672 5422 1766 5476 condr-

974 5510 1167 5565 matiooem....
1196 5506 1337 5563 ecclesiam
1364 5508 1450 5564 sancti
1474 5509 1579 5566 liciani
1605 5512 1769 5566 cardesmris

134 5594 234 5650 tatianam
258 5596 421 5667 migraverit,
444 5597 578 5653 licentiam
605 5599 734 5657 berberem
755 5603 925 5659 monachide
974 5600 1088 5665 christi,
1109 5613 1161 5667 qne
1174 5610 1215 5653 est
1227 5607 1380 5654 constructa
1395 5598 1445 5653 snb
1458 5598 1558 5667 oppido
1571 5599 1766 5656 Certedeusiuar

133 5684 194 5758 iqua
217 5690 381 5746 manasterio
395 5698 495 5747 sartetae
518 5689 566 5748 [ιιι
591 5692 714 5750 ecclesia
742 5694 923 5755 llediolaoen·
974 5701 1075 5758 castro,
1091 5689 1205 5762 sibiipsa
1222 5690 1768 5766 pretiosussanctuscorporerequiescit,
