3826 6112
153 275 210 337 tls
314 269 430 332 (201)ssss
454 267 913 330 {immusicus-tumulos
929 269 941 323 l
958 266 1003 324 ET
1020 265 1183 325 tutilant
1202 266 1540 326 clemosinis-ss.
1556 266 1617 327 stt.
1725 270 1781 328 stt

151 387 291 443 vestudos.
304 383 471 441 mrvmuos
483 384 598 450 donent,
609 389 656 438 aut
668 383 718 451 ipsi
735 383 833 437 radant
844 382 890 438 ubi
904 382 944 437 eis
957 381 980 440 Λ
995 387 1183 436 commutetur.
1199 378 1228 435 Si
1238 387 1327 436 autern
1340 381 1373 437 tle
1388 380 1453 437 lisco
1469 389 1563 439 nostro
1579 381 1670 448 luerit,
1687 393 1782 440 nostra

151 477 302 534 iniunctum
316 474 411 532 inerit.
425 475 557 545 angarias
572 488 633 528 cum
650 486 729 528 carro
743 470 843 526 iaciant
858 485 944 540 usquc
994 470 1154 527 liberalitate
1165 473 1341 538 concedatur3
1354 480 1384 526 ut
1393 471 1459 527 nulli
1468 473 1637 528 occasionem
1651 474 1780 540 habeant,

150 571 189 626 50
198 571 300 641 leugas,
312 570 426 640 amplius
440 585 494 624 non
508 569 634 623 minetur.
648 565 689 622 Au
703 581 780 621 casas
797 563 944 621 dominicas
993 576 1045 618 nec
1056 562 1201 632 praepositi
1215 577 1266 617 nec
1277 562 1400 627 subiecti,
1419 563 1484 632 quin
1502 562 1576 617 iuxta
1589 579 1665 617 suani
1678 562 1784 634 proles-

151 664 283 728 stabilire‚
304 663 395 729 fenile,
413 662 560 733 granicam,
572 659 615 715 rel
630 659 742 714 tonilum
759 656 943 725 recuperando
994 655 1098 710 sionem
1113 655 1292 711 communiter
1308 656 1498 726 (legerentque
1518 656 1700 712 conversarc‘
1720 672 1782 728 pos-

149 758 292 830 pedituras
322 753 496 811 rationabiles
525 753 674 822 accipiant,
702 757 731 806 et
760 749 867 820 quando
896 761 945 801 ne·
994 744 1057 799 sint.

150 848 251 904 cesse-,¹
269 846 352 903 luerit
369 846 479 902 omnino
498 851 671 914 mmpnnant.
1029 834 1063 889 ¹5
1080 834 1105 887 b.
1123 833 1161 888 De
1173 834 1287 907 placitis,
1306 832 1419 906 qualiter
1435 834 1509 888 liberi
1520 835 1638 888 homines
1651 833 1782 888 obseruari

993 927 1095 982 debent.
1129 927 1167 982 De
1188 927 1293 998 placitis
1314 928 1446 997 siquidem
1469 943 1537 999 quos
1558 928 1635 982 liberi
1660 926 1783 982 homines

994 1018 1138 1074 observare
1151 1019 1259 1082 debent,
1272 1019 1428 1074 constitutio
1439 1018 1569 1091 genitoris
1578 1018 1664 1073 nostri
1675 1017 1783 1087 penitus

189 1113 226 1169 ll
243 1127 268 1170 ¹·
280 1114 319 1169 De
332 1115 397 1171 locis
418 1115 453 1170 cd
475 1117 590 1170 clasura
613 1117 798 1171 canonicorom
822 1116 945 1186 iaciendo
994 1109 1161 1164 observanda
1176 1116 1203 1164 et
1216 1109 1329 1164 tenenda
1343 1120 1382 1165 est
1398 1107 1541 1164 :videlicet
1557 1116 1653 1162 utnon
1672 1106 1699 1160 in
1713 1120 1784 1161 anno

150 1204 261 1262 dandis.
277 1206 406 1262 Volumus
420 1215 451 1262 ut
462 1207 541 1263 ioca¹
564 1208 598 1263 ad
611 1207 728 1263 clausura
752 1208 944 1264 canonicorum
994 1198 1047 1254 nisi
1062 1199 1095 1254 ad
1108 1199 1159 1253 tria
1173 1199 1272 1269 placita
1287 1200 1416 1254 comitum
1427 1198 1547 1263 veniant,
1563 1205 1590 1253 et
1607 1197 1660 1252 nisi
1678 1203 1725 1250 aut
1738 1210 1785 1248 ac-

151 1295 292 1363 smenon,
315 1306 362 1353 aut
383 1298 430 1370 qui
451 1313 505 1356 non
524 1299 639 1359 habent,
668 1308 760 1355 nostra
784 1299 944 1355 auctoritare
995 1299 1104 1347 cusatus
1119 1290 1200 1347 inerit
1211 1299 1258 1346 aut
1276 1291 1393 1360 aliquem
1412 1290 1588 1353 accusaverit,
1604 1286 1646 1343 rel
1661 1288 1694 1342 ud
1707 1283 1785 1341 testi-

154 1387 299 1442 tradantur
312 1387 334 1441 ⁸.
353 1387 383 1443 lo
399 1396 441 1444 est
458 1389 481 1443 si
504 1390 537 1445 (le
555 1389 675 1445 eiusdem
698 1389 845 1445 aecclesiae
863 1391 945 1445 rebus
995 1383 1115 1438 monium
1135 1381 1329 1451 perhibendum
1351 1388 1462 1435 vocatus
1486 1378 1577 1434 suerit·
1613 1375 1655 1432 All
1677 1383 1785 1431 caetera

152 1476 321 1547 congruerit,
348 1479 477 1534 reddatur
499 1480 536 1535 ibi
556 1495 604 1550 per
625 1481 722 1536 missos
742 1489 850 1537 nostros
871 1483 945 1536 iuria
995 1474 1169 1544 remptaeita
1183 1489 1252 1543 quae
1272 1474 1455 1528 centenarium
1475 1479 1578 1535 tenent,
1592 1484 1645 1525 non
1657 1467 1725 1522 alius
1739 1477 1787 1519 ve-

152 1567 365 1634 opnrtunitatem
386 1567 449 1633 loci,
473 1576 501 1624 et
518 1570 697 1640 quantitatem
718 1585 818 1625 rerum.
838 1569 867 1625 Si
881 1585 946 1627 vero
995 1566 1055 1622 nire
1067 1566 1252 1635 cornpellatur.
1269 1565 1321 1619 nisi
1337 1572 1384 1620 aut
1398 1564 1445 1635 qni
1462 1563 1550 1634 litigat
1562 1569 1608 1617 aut
1626 1559 1727 1615 iudicat
1739 1562 1786 1609 aut

152 1655 190 1712 de
202 1657 314 1715 alterius
331 1643 478 1716 aecclesiae
488 1660 530 1716 rcl
545 1661 690 1717 liberorum
703 1661 842 1716 bominum
853 1660 944 1726 tuerit,
996 1658 1166 1715 testillcatur.
1650 1644 1657 1654 '

257 990 325 1042 luter
333 993 410 1054 cupita
420 991 436 1042 5
447 997 473 1043 et
482 991 507 1042 6.
518 990 599 1042 Codex
610 990 629 1040 B
640 993 664 1042 5.
677 991 738 1043 baec
750 992 824 1044 babet
836 1001 843 1039 ι

766 1810 964 1868 VblilliliTES
981 1809 1183 1868 suessones.

191 1943 405 2002 'noeesscssec
441 1946 516 2002 ’loci
530 1962 599 2001 corr.
616 1948 685 2003 loca.
723 1947 1161 2019 ¹triantnrinstarqtradantnr.
1199 1944 1453 2002 ‘conservarecoc

892 2082 1009 2141 NOTAE.

192 2229 206 2261 ⁸
222 2216 265 2277 Cl.
279 2233 340 2289 cap.
353 2218 379 2273 ¹1.
393 2218 549 2290 capitularis
563 2219 711 2291 sequentis.
1032 2217 1048 2260 l
1065 2216 1107 2274 Cl.
1123 2233 1172 2288 cap
1184 2217 1227 2273 ll.
1243 2216 1399 2288 capitularis
1415 2218 1562 2288 sequentis.

193 2481 311 2556 &pilula
325 2483 480 2548 missorum,
503 2483 639 2542 abaluzio
651 2502 685 2542 er
695 2485 780 2543 Codri.
793 2487 859 2543 bibi.
871 2485 952 2553 recise
965 2485 1051 2543 Paris.
1062 2483 1132 2539 toto
1144 2492 1171 2538 et
1183 2485 1255 2542 isso
1273 2485 1304 2550 ll,
1318 2491 1346 2566 et
1356 2485 1437 2539 tertio
1474 2483 1571 2539 nodam
1582 2482 1653 2540 edita
1668 2498 1720 2553 ope
1736 2483 1790 2541 Go-

167 2554 245 2611 iicatn
256 2557 370 2612 istorum
385 2555 482 2610 iterum
492 2556 626 2624 prodeunt
640 2576 646 2610 z
661 2558 683 2612 Α
704 2559 730 2613 l.
750 2557 814 2613 bibl.
833 2574 890 2625 req.
904 2555 990 2614 Paris.
1006 2575 1033 2614 n.
1048 2555 1164 2612 elisa
1184 2556 1211 2610 Ξ.
1232 2556 1298 2612 bibl.
1313 2556 1434 2624 ejusdem
1449 2499 1540 2610 {Jeme
1556 2555 1590 2610 de
1611 2553 1790 2610 Nutu-Deme

166 2621 262 2681 ΗΑ
280 2628 308 2682 5.
328 2624 394 2679 bibl.
411 2623 530 2703 ejusdem
546 2642 574 2680 n.
588 2626 659 2683 isso
671 2626 704 2683 Α.
725 2629 746 2682 Β
766 2629 792 2682 l.
812 2627 919 2685 Codicis
938 2627 967 2683 S.
980 2628 1066 2693 Pauli,
1087 2627 1131 2681 cui
1150 2625 1330 2683 Cirisisnuset
1348 2624 1476 2682 Curensis
1490 2627 1664 2681 concordant.
1684 2623 1790 2681 Cbisia·

161 2707 211 2818 gos
228 2705 314 2781 toturn
336 2695 484 2779 capitulare
504 2711 533 2750 rc
569 2698 601 2752 tit
625 2699 695 2780 inter
708 2698 840 2782 illotharii
855 2699 927 2769 leges
941 2697 986 2752 iol.
1008 2699 1058 2753 lilii
1071 2712 1143 2767 sqq,
1164 2695 1275 2781 ejusque
1287 2697 1416 2780 lectiones
1438 2695 1503 2778 sigla
1520 2696 1573 2779 Cb..
1596 2695 1788 2818 expressimus.

162 2765 224 2892 sit
240 2763 509 2921 lliitufflii'ili'iiffi'
526 2766 890 2919 ..trististristis
901 2767 1331 2903 bbrsiitbliiittst
1351 2765 1792 2920 ‘sititis'sbtslttiir

153 2898 348 2973 fluratorrunu
373 2914 501 2977 inspectis
513 2915 595 2962 ettam
607 2908 691 2964 cnut.
704 2910 768 2966 bibl.
783 2911 863 2981 regin
874 2909 959 2966 Paris.
973 2926 1001 2964 n.
1014 2908 1093 2973 libb,
1107 2907 1176 2963 loss
1186 2907 1218 2972 Α,
1232 2907 1311 2971 liiii,
1322 2906 1402 2971 ilici,
1414 2905 1495 2960 tiss.

150 3031 229 3093 nm
241 3039 249 3070 ¹
262 3046 323 3092 ιιιιιι
337 3038 348 3069 ¹
364 3048 378 3077 ¹
389 3036 504 3106 capitula
513 3039 652 3109 praecipue
662 3039 697 3094 ud
711 3039 865 3111 leqntionem
879 3042 943 3098 mis-
960 3043 982 3102 Β
995 3046 1062 3103 test,
1078 3046 1142 3093 tuuc
1161 3037 1242 3093 liceat
1256 3036 1424 3107 litigantibus
1437 3050 1471 3090 ex
1484 3043 1599 3103 utraque
1612 3043 1690 3105 parte
1708 3044 1791 3092 testes

192 3125 278 3163 ‘mm
296 3117 445 3161 mmmm
471 3107 501 3162 ⁰⁶
524 3110 665 3163 memmae
683 3127 791 3164 cautam
813 3113 945 3181 emitteti-
997 3126 1135 3182 adbibere.
1147 3124 1181 3180 Et
1192 3125 1216 3180 si
1224 3123 1446 3189 discordaverint,
1459 3123 1606 3179 secundum
1619 3123 1791 3181 constitutio-

192 3179 237 3243 tic,
249 3178 283 3232 ric
292 3177 386 3248 quibus
401 3175 540 3232 'uidelicet
557 3180 645 3234 costis
657 3197 734 3250 oqerc
745 3180 864 3236 debeant.
998 3231 1087 3272 mma
1102 3216 1180 3271 nobis
1190 3215 1409 3285 pmmqumms
1420 3215 1617 3270 fflmjnfflqff,

192 3312 217 3366 l.
237 3309 349 3380 Legatio
359 3310 481 3366 omniurn
494 3311 637 3368 missorum
650 3322 803 3370 nostrorum
815 3317 885 3372 hanc
896 3326 947 3374 est,
1035 3308 1063 3364 5.
1080 3307 1118 3362 lte
1133 3307 1305 3377 pauperibus,
1320 3315 1349 3362 et
1361 3307 1458 3372 videris,
1471 3317 1498 3362 et
1510 3309 1618 3378 pupillis
1631 3310 1729 3366 iniuste
1741 3326 1791 3382 op-

132 3388 256 3465 Domo,
264 3400 497 3456 utsicntianraliis
505 3402 747 3458 missisiniunctum
754 3403 813 3470 luit,
821 3406 950 3462 iustitiam
1000 3398 1111 3469 Ρῐθὸὓῑθ,
1125 3407 1155 3453 ¹1¹
1170 3398 1329 3453 adiuvemur
1341 3407 1368 3453 θῑ
1381 3399 1543 3453 relevemur·

134 3481 256 3546 ‘nciam
274 3491 307 3546 rie
322 3490 404 3546 rebus
416 3499 444 3546 et
456 3490 627 3548 libertatibus
637 3493 737 3550 iniuste
751 3496 866 3564 ablatis;
885 3497 949 3554 etsi
1037 3487 1065 3542 ⁴·
1078 3489 1116 3543 De
1131 3487 1238 3544 inlusus
1256 3488 1479 3544 00⁰²⁸l⁰¹¹lbllsel
1490 3491 1729 3548 consuetudinibus
1740 3507 1790 3549 no·

128 3581 304 3653 qisoopus,
320 3589 366 3637 aut
377 3582 469 3645 abbas,
482 3590 528 3638 aut
537 3585 666 3650 vicarius,
677 3593 724 3640 aut
734 3588 888 3656 adr-oratus,
904 3599 950 3646 aur
1000 3579 1071 3635 riter
1083 3579 1228 3646 institutis,
1243 3581 1312 3636 sicut
1325 3589 1388 3636 sunt
1402 3581 1502 3636 tributa
1514 3590 1542 3636 et
1554 3583 1651 3639 telonei
1663 3585 1691 3640 in
1702 3585 1791 3641 media

126 3667 280 3736 qrtsttbet
295 3669 330 3724 dc
340 3667 420 3739 plebe
436 3668 488 3724 boc
501 3667 597 3726 iecisse
613 3670 737 3727 inventus
753 3670 843 3741 luerit,
856 3677 949 3732 statim
999 3671 1054 3738 ria,
1066 3673 1111 3728 ubi
1125 3666 1176 3728 r'rec
1193 3687 1278 3743 aqua,
1299 3688 1349 3727 nec
1361 3673 1447 3743 palus,
1467 3690 1517 3729 ncc
1527 3688 1605 3743 pons,
1619 3691 1669 3731 nec
1689 3662 1790 3748 aliquiri

127 3759 323 3815 toetitmtnr.
339 3759 370 3815 Si
384 3775 449 3817 vero
462 3760 505 3816 vel
522 3776 614 3817 comes
629 3763 671 3818 vel
691 3771 768 3820 actor
785 3766 947 3835 dominicus,
999 3764 1053 3820 tale
1067 3763 1148 3820 luerit
1159 3767 1229 3820 unde
1242 3765 1312 3820 iuste
1329 3779 1427 3820 census
1439 3765 1510 3835 exigi
1520 3767 1615 3834 possit,
1629 3765 1672 3821 rel
1686 3767 1732 3823 ubi
1742 3782 1792 3824 na-

126 3848 278 3906 walter
290 3851 389 3907 missus
399 3851 543 3922 palatinus,
558 3852 609 3908 hoc
621 3856 796 3924 perpetrarit,
814 3865 842 3912 et
859 3859 887 3912 in
899 3875 949 3915 no-
998 3871 1046 3910 ves
1060 3857 1154 3911 subtus
1173 3864 1269 3925 pontes
1282 3856 1397 3911 transire
1417 3856 1513 3922 solent,
1530 3857 1587 3911 sive
1602 3857 1630 3911 in
1642 3858 1731 3913 medio
1741 3861 1791 3913 llu-

128 3945 239 3994 otram
254 3947 416 4010 potestatem
432 3943 544 4014 redegit,
564 3959 610 3999 res
623 3945 764 4016 diligenter
786 3948 945 4022 investigata
998 3945 1071 4001 mine
1089 3946 1135 4000 ulri
1150 3945 1251 4000 nullum
1264 3954 1306 4000 est
1316 3944 1498 4009 obstaculum,
1509 3955 1539 4001 ut
1553 3946 1719 4003 auferantur.
1734 3949 1789 4002 lin-

132 4034 189 4080 ut
197 4029 328 4099 ‹ioecripta
341 4031 376 4087 ad
389 4038 511 4087 nostrum
523 4032 651 4089 iudicium
666 4044 827 4092 reservetur.
998 4036 1105 4105 tiquae'
1116 4044 1206 4090 autem
1221 4036 1254 4091 ad
1267 4045 1387 4090 nostram
1399 4036 1523 4090 notitiam
1536 4035 1700 4093 deierantur.

194 4117 239 4172 2⁸.
258 4119 388 4176 Volumus
399 4131 489 4176 autern
501 4130 531 4178 ut
542 4122 576 4178 ‹ie
589 4124 631 4179 bis
642 4123 810 4182 libertatibus
822 4136 850 4182 et
866 4130 947 4185 rebus
1034 4125 1061 4181 5.
1078 4126 1116 4180 lie
1130 4126 1232 4180 bonore
1245 4125 1430 4190 ecclesiarum,
1443 4135 1474 4180 ut
1491 4141 1540 4196 per
1554 4128 1645 4182 omnia
1660 4128 1701 4183 eis
1712 4129 1789 4184 exbr-

138 4206 298 4265 *nisum
311 4211 419 4280 quaein
433 4221 526 4267 nostra
547 4215 676 4270 vestitura
697 4225 769 4280 sunt,
791 4219 879 4287 primo
899 4235 948 4290 per
961 4184 984 4248 C
998 4215 1104 4279 beatur,
1117 4215 1187 4272 sicut
1201 4226 1310 4284 nupere
1324 4230 1339 4269 a
1358 4215 1436 4270 nobis
1452 4230 1512 4271 mm
1523 4231 1656 4272 consensu
1668 4217 1789 4273 omnium

143 4299 273 4368 wiltios
285 4317 407 4374 quosque
422 4305 575 4375 inquiratur
581 4306 602 4360 ἦ
619 4307 653 4362 Et
665 4307 688 4363 si
700 4323 749 4378 per
761 4310 821 4366 ilios
832 4311 947 4368 inveniri
1001 4304 1119 4360 coelium
1130 4313 1285 4361 nostrorum
1296 4305 1472 4361 constitutum
1484 4315 1536 4362 est.
1549 4306 1600 4362 lit·
1612 4315 1642 4362 ut
1653 4308 1705 4364 boc
1713 4305 1790 4363 missi

143 4396 212 4447 Etr
220 4395 321 4463 possit,
340 4404 405 4452 tunc
414 4411 463 4466 per
475 4412 523 4453 eos
535 4398 581 4468 qui
592 4408 654 4469 post
667 4399 727 4456 illos
738 4402 876 4458 invicinus
891 4419 948 4459 rue·
999 4397 1086 4453 nostri
1099 4398 1224 4454 omnibus
1234 4398 1262 4453 in
1271 4413 1320 4455 sna
1329 4399 1463 4469 legatione
1473 4399 1628 4456 constitutis
1643 4408 1738 4456 notum
1750 4397 1793 4456 ci-

144 4467 310 4542 &meunt
320 4486 341 4540 ⁸.
352 4487 418 4543 Etsi
429 4503 479 4544 nec
489 4501 538 4558 per
547 4488 607 4546 itms
616 4489 655 4546 rei
665 4491 765 4547 veritas
776 4492 948 4564 inveniripo-
999 4486 1119 4546 bennit
1148 4567 1150 4572 ,

768 4672 965 4730 tsntsntss
983 4673 1183 4732 scottorum.

175 4775 350 4850 =¹inieriptio
361 4779 704 4838 maismacenses.
722 4781 779 4839 ct.
817 4784 913 4839 'deest
925 4782 1098 4842 iirbbcl.
1136 4784 1189 4868 ⁸q.
1209 4799 1291 4856 agere
1313 4781 1788 4841 debentAlbwinetWicbalrlM.

156 4840 260 4918 ‘caput
282 4851 335 4906 boc
350 4849 384 4905 ab
404 4850 534 4907 antorinri
551 4866 605 4906 non
616 4861 757 4922 separatur
768 4853 795 4910 in
808 4855 862 4909 nt.
873 4854 901 4908 2.
915 4853 971 4910 cl.
987 4852 1037 4911 Cb.
1056 4854 1087 4909 V.
1125 4855 1137 4888 ⁸
1151 4854 1203 4910 ursi
1219 4854 1290 4911 actio
1304 4868 1353 4924 per
1365 4855 1553 4911 incestituram
1566 4853 1657 4918 luerit,
1670 4861 1697 4908 et
1710 4851 1734 4909 si
1757 4849 1789 4907 V.

157 4912 289 5057 mili.
328 4919 490 4975 ‘sternas
507 4922 660 4977 inveniatur
679 4921 709 4979 V.
727 4920 775 4978 Vn.
792 4924 826 4978 E.
864 4925 919 4980 'ut
932 4941 958 4978 a.
974 4934 1118 4996 antequam
1132 4925 1167 4981 ad
1180 4933 1300 4980 nostram
1322 4922 1352 4980 V.
1373 4923 1424 4981 Vri.
1438 4925 1473 4980 Ε.
1489 4925 1583 4980 eterit.
1599 4923 1683 4994 hosp.
1720 4921 1790 4976 “ro-

239 4989 332 5060 eapitie
344 4989 438 5045 casm
449 4991 478 5045 ιἰι
492 4988 524 5046 V.
545 4989 594 5047 Vs.
608 4991 643 5047 li.
665 5001 690 5047 ct
710 4994 771 5049 edd.
787 4993 871 5066 Luoq.
909 4995 920 5026 ⁹
934 4993 1036 5050 faciant
1049 4995 1083 5051 sle
1095 4995 1184 5063 nonis,
1198 5002 1251 5053 etc.
1265 4995 1286 5050 B
1303 4995 1329 5049 l.

893 5101 1009 5160 NOl'AE.

198 5212 265 5269 ⁸lle
286 5213 346 5269 istis
372 5213 574 5281 irteltqmdum
594 5220 635 5269 cst
654 5221 735 5283 capnt
757 5214 791 5269 lt
815 5214 948 5285 Thegani,
1000 5214 1195 5285 exspoliatione
1207 5211 1432 5282 libertatis.Quod
1443 5211 1528 5282 iniqui
1539 5206 1664 5272 ministri,
1676 5205 1791 5264 comites

168 5283 231 5349 φιᾶ
247 5284 286 5339 sic
303 5284 402 5340 babet:
419 5283 543 5340 «Eodem
561 5291 680 5354 ternpore
695 5284 864 5353 supradictus
875 5285 950 5354 prin·
1000 5294 1028 5342 et
1039 5287 1097 5341 loco
1107 5285 1187 5356 positi
1196 5300 1245 5354 per
1255 5285 1354 5339 maium
1365 5283 1500 5354 ingenium
1510 5278 1682 5337 exercebant.
1693 5275 1790 5335 omnia

169 5360 224 5434 ψ
241 5353 313 5409 misit
330 5353 432 5423 legatos
449 5369 514 5410 suos
537 5370 616 5425 supra
634 5355 724 5408 omnia
743 5369 825 5422 reqna
841 5369 890 5409 sua
910 5355 950 5408 in·
1000 5356 1170 5426 supradictus
1180 5355 1305 5425 princeps
1315 5356 1455 5409 destruere
1470 5349 1551 5421 jussit
1565 5356 1625 5403 acta
1635 5363 1696 5419 quae
1708 5347 1790 5430 impie

172 5431 266 5486 ‘itum
279 5432 307 5480 et
321 5424 483 5496 investigare
499 5424 521 5480 si
535 5424 615 5480 alicui
630 5423 719 5492 aliqua
738 5422 871 5494 injustitia
888 5439 951 5494 pcr-
1001 5425 1029 5483 in
1041 5425 1135 5481 (liebus
1151 5425 1236 5495 patris
1257 5423 1298 5479 sui
1310 5437 1359 5492 per
1379 5422 1531 5546 iniquorum
1545 5418 1733 5502 mirristrorum·
1749 5433 1790 5472 rn-

176 5497 263 5552 lllnta
282 5501 370 5560 esset;
385 5494 450 5552 etsi
468 5494 585 5565 aliquem
604 5493 768 5549 invenissent
786 5495 832 5565 qui
845 5494 897 5550 boc
911 5494 950 5549 rii·
1001 5495 1078 5567 genia
1089 5493 1159 5551 lacta
1170 5493 1284 5551 iuernnt.
1301 5493 1350 5547 rln
1362 5493 1413 5548 boc
1432 5507 1482 5548 oco
1493 5504 1601 5560 reposui
1612 5497 1788 5561 monstram,

177 5566 226 5616 etti
242 5563 322 5621 rellct
340 5570 369 5620 et
389 5579 451 5620 curn
470 5564 618 5620 verissimis
636 5564 815 5620 testibushoc
835 5565 950 5634 probare
963 5552 1051 5635 Dpro
1062 5579 1095 5620 eo
1107 5565 1178 5636 quod
1193 5564 1220 5619 in
1231 5562 1398 5620 Editionibus
1411 5561 1481 5618 male
1492 5561 1621 5632 scripturn
1630 5556 1791 5630 estprortn-

122 5690 126 5695 .
181 5631 405 5700 mitescimus
421 5649 484 5690 cunr
503 5635 584 5692 eisin
599 5634 771 5704 presentiam
788 5631 952 5702 eiusrenire
1001 5635 1193 5691 ciam.llsuua.

183 5702 295 5773 Vlboepit.
315 5704 367 5772 Qui
383 5703 484 5775 egressi
501 5705 660 5761 invenerunt
679 5704 847 5760 innumeram
863 5705 952 5759 multi·
1037 5703 1163 5775 bSupra,
1176 5704 1229 5759 col.
1242 5700 1305 5768 ibi,
1319 5718 1345 5758 c.
1360 5701 1403 5758 to.

185 5766 281 5833 ιΜῑῐιιιιι
305 5789 497 5847 oppressorum
515 5783 562 5832 aut
579 5773 715 5832 ablatione
731 5773 886 5845 patrimonii
902 5782 950 5830 aut
1038 5772 1151 5849 estpra
1175 5774 1228 5832 col.
1242 5772 1305 5830 405.
1318 5772 1386 5831 c..l.
