3826 6112
160 210 212 264 tes
400 207 403 215 ·
568 202 598 256 u.
618 198 742 257 utnon
760 196 866 254 nictu
881 194 956 253 our.
976 195 1065 253 runs
1082 197 1101 251 ι.
1122 196 1241 253 sscrto
1260 192 1375 252 amnt.
1729 197 1781 254 ott

161 335 222 373 num
234 317 327 386 sudem
345 329 428 367 ineam
439 322 529 367 contra
540 327 607 374 eam,
621 320 645 364 et
657 308 813 378 interficiant
825 307 942 362 iliande
955 314 981 373 Α
993 309 1212 377 exemplumaliis
1223 311 1354 378 praebere
1366 309 1497 374 nolumus,
1511 318 1538 364 et
1549 309 1674 367 fidelibus
1686 315 1783 370 vestris

161 408 245 463 medio
257 404 345 476 populi
357 405 407 458 rui.
424 401 631 469 sanctificamini
642 408 667 454 et
683 399 767 454 dstote
779 398 840 471 (sie)
850 399 943 463 suncti,
995 397 1131 452 humiliter
1144 397 1319 463 innotescere,
1331 406 1358 454 et
1369 397 1484 453 iideliter
1492 401 1652 456 denutrtmrc
1662 417 1783 459 necessa·

159 485 947 568 qaiuepomuctnssumdominusDrusmucr.Custoditcpre-
995 487 1037 542 rio
1054 487 1214 545 iudicamus.
1233 487 1286 543 Sed
1306 496 1334 544 et
1349 489 1523 559 parroechias
1538 498 1643 547 vestras
1660 492 1672 524 ⁸
1689 507 1785 550 omnes

160 595 236 656 septo
246 600 304 638 mea
319 590 342 635 et
354 581 432 650 suctu
444 596 489 643 τι,
507 579 569 648 ‘1⁸5⁰
585 593 633 648 ιιι
649 576 777 631 Mittit
793 577 838 644 ιιι
849 575 947 629 'tacit'-
996 581 1164 636 admonendo
1179 581 1312 635 iustruere
1332 581 1464 651 cupimus,
1478 597 1514 638 ne
1530 584 1605 652 qnod
1623 582 1715 651 absit,
1739 598 1786 654 per

161 675 213 743 fico
234 689 288 727 ror.
323 671 357 724 Et
382 669 447 724 aiibi
470 683 478 722 t
503 667 596 738 liugos
613 675 639 721 et
657 665 753 721 arioim
771 676 796 720 et
813 664 945 735 maleficos
995 682 1073 724 susm
1089 668 1267 739 ignorantiam
1287 675 1312 721 et
1332 675 1453 723 nostrum
1474 670 1672 740 neglegentiam
1692 672 1788 727 buius

161 773 247 817 teme
257 761 339 815 uiuere
352 775 404 813 uon
415 757 567 828 paciamini.
583 755 699 811 Dubium
713 754 813 811 etenim
824 769 878 808 non
894 763 946 818 cst,
996 756 1100 812 oemodi
1108 754 1253 811 mortiferis
1262 755 1418 810 subiaceant
1425 756 1563 824 periculis.
1571 756 1787 829 congessimusb

161 851 232 908 sieut
244 850 335 905 multis
349 857 391 903 est
403 856 505 913 notum,
518 847 589 918 quod
609 862 624 901 a
643 846 801 917 quibusdam
813 845 948 916 prestigiis
997 848 1079 902 etiam
1098 846 1223 915 inopere
1239 854 1387 901 conventus
1405 847 1490 901 nostri
1513 848 1641 902 nonnulla
1662 848 1717 904 alia
1741 866 1788 906 ea-

161 953 243 1013 ntque
263 941 402 998 diabolicis
421 939 597 995 inlusionibus
615 939 651 993 ita
665 945 768 993 mentes
780 937 947 1006 quorundam
996 935 1079 1006 pitula
1104 937 1137 991 ad
1163 935 1294 991 laieomm
1316 933 1434 990 bdelium
1456 937 1674 993 observationem
1696 949 1724 993 ct
1745 955 1787 994 sa-

161 1033 283 1089 inllciaut
300 1032 405 1101 poculis
427 1029 577 1094 amatoriis,
595 1028 663 1084 cibis
684 1026 727 1083 rel
741 1027 899 1100 fylacteriis,
919 1035 950 1082 ut
997 1023 1080 1080 tutem
1098 1025 1269 1095 pertinentia,
1291 1039 1404 1094 quornm
1423 1024 1468 1080 bic
1487 1025 1522 1081 ob
1539 1026 1650 1082 nimiam
1672 1028 1783 1098 prolixi

162 1123 214 1178 ιιι*
236 1122 370 1178 insaniam
399 1120 471 1176 tersi
495 1135 510 1174 a
535 1118 668 1189 plerisque
694 1117 861 1181 iudicentur,
886 1116 950 1171 dum
998 1123 1080 1170 tatem
1099 1115 1270 1172 mentionem
1291 1121 1396 1167 tantum
1425 1112 1555 1180 iacimus,
1584 1117 1689 1172 scilicet
1716 1120 1789 1188 quod

162 1213 286 1284 proprias
309 1227 363 1267 non
389 1211 508 1269 sentiunt
539 1207 725 1264 contumelias.
750 1206 853 1263 Ferunt
877 1205 950 1261 euim
998 1218 1078 1260 nosse
1093 1218 1141 1281 eos
1157 1211 1280 1273 oporteat
1296 1202 1450 1271 coniugium
1469 1217 1485 1256 a
1505 1203 1560 1258 lieo
1575 1217 1635 1259 esse
1656 1206 1787 1260 oenstitu

162 1302 220 1358 suis
238 1300 379 1357 maleiiciis
400 1314 464 1354 acra
485 1313 564 1368 posse
575 1297 747 1362 conturbare,
761 1305 788 1352 ct
806 1295 950 1367 grandines
1000 1302 1067 1360 tum,
1088 1301 1116 1348 ct
1132 1295 1207 1363 quod
1219 1308 1273 1347 non
1292 1292 1327 1359 sit
1338 1307 1420 1357 eausa
1433 1291 1558 1348 luxuriae
1575 1294 1625 1349 sed
1640 1309 1726 1350 causa
1740 1309 1789 1364 po-

163 1388 309 1454 inmittcre,
335 1387 425 1442 lutura
453 1386 601 1456 predicere,
623 1384 726 1440 imctus
741 1393 768 1440 et
782 1383 823 1439 lac
844 1386 951 1440 auterre
1000 1381 1053 1436 tius
1072 1380 1186 1436 illiorum
1205 1381 1394 1450 appetendum.
1420 1380 1454 1434 Et
1481 1387 1510 1435 ut
1531 1381 1697 1452 virginitas,
1719 1383 1788 1439 sicut

163 1477 364 1547 aliisqncdare,
386 1483 413 1531 et
432 1476 573 1530 innumera
593 1489 609 1528 ι
628 1474 725 1531 talibus
739 1473 797 1529 licii
810 1474 949 1540 dicuntum
1000 1473 1126 1528 doctores
1142 1470 1227 1525 nostri
1241 1470 1358 1535 tradunt,
1377 1484 1462 1538 usque
1481 1472 1515 1525 ad
1541 1471 1651 1540 nuptias
1671 1472 1709 1529 sit
1727 1487 1789 1527 cus-

163 1567 211 1639 qul
223 1573 254 1622 ιιι
270 1565 370 1621 inerint
392 1564 543 1623 huiusmodi
557 1564 655 1633 reperti
670 1564 730 1629 tiri,
744 1563 801 1619 siue
824 1563 948 1631 feminae,
1000 1561 1136 1626 todienda,
1159 1567 1187 1613 ct
1203 1573 1302 1614 uxores
1316 1559 1445 1614 babentes
1460 1573 1547 1628 neque
1565 1559 1681 1631 pelicem
1703 1575 1789 1631 neque

165 1657 193 1712 iu
209 1663 316 1711 tantum
329 1655 469 1723 disciplina
480 1661 509 1707 et
520 1654 611 1723 vigore
625 1652 753 1723 principis
766 1653 856 1708 acrius
866 1655 952 1709 corri-
970 1648 1180 1706 ilconcubinam
1195 1647 1296 1702 bebere
1316 1646 1440 1701 debcant.
1458 1645 1599 1712 Quomodo
1618 1647 1646 1702 in
1667 1647 1789 1703 castitate

165 1743 246 1812 gondi
266 1744 277 1774 ¹
291 1751 362 1807 sunt,
377 1745 404 1796 in
420 1750 550 1811 quantum
570 1741 737 1797 manifestius
754 1757 820 1798 ausu
836 1743 952 1802 ociando
1002 1754 1100 1796 uxores
1121 1753 1185 1794 snas
1198 1737 1318 1807 diligere,
1331 1737 1424 1806 eisque
1437 1744 1531 1807 utpote
1541 1738 1619 1807 quasi
1634 1736 1789 1793 iuilrutiori·

165 1840 194 1889 et
210 1832 354 1888 temerario
369 1832 473 1887 seruire
492 1833 598 1888 diabolo
622 1847 677 1888 non
703 1841 833 1889 metuunt.
852 1835 890 1891 lie
909 1836 953 1891 bis
1002 1833 1054 1887 bus
1070 1830 1200 1886 bonorem
1216 1828 1335 1884 debitum
1364 1828 1478 1884 debeant
1498 1828 1654 1897 inpendere.
1669 1827 1704 1882 tit
1720 1829 1790 1898 quod

166 1938 275 1995 quoquc
287 1924 314 1978 iu
336 1923 450 1979 coneilio
464 1923 622 1979 Aneiritano
634 1922 710 1979 titulo
722 1923 758 1979 tt
771 1925 808 1978 ita
823 1925 954 1995 scriptum
1003 1923 1158 1980 commixtio
1176 1919 1293 1977 carnalis
1307 1921 1317 1951 ⁸
1329 1934 1392 1975 cum
1413 1920 1542 1974 uxoribus
1562 1918 1653 1990 gratia
1672 1918 1789 1973 deride

165 2019 227 2068 cst:
246 2029 256 2064 ι
273 2011 324 2079 Qui
343 2011 521 2066 divinationes
541 2019 670 2080 expetunt
683 2019 711 2067 et
727 2028 804 2068 more
816 2013 954 2082 gentilium
1003 2015 1067 2070 beat
1079 2011 1171 2083 prolis,
1191 2026 1244 2067 nou
1265 2010 1417 2079 voluptatis,
1435 2016 1463 2065 ct
1474 2008 1591 2079 qualiter
1607 2022 1623 2062 a
1640 2007 1714 2065 ooitu
1728 2021 1788 2077 prc-

166 2104 366 2173 subsequuntur
378 2102 399 2167 ⁸,
413 2109 460 2156 aut
476 2102 503 2156 in
522 2103 616 2158 domos
628 2118 691 2159 suas
704 2104 888 2161 huiuscemodi
907 2108 955 2162 luo-
1005 2104 1144 2175 guantium
1165 2117 1279 2157 unorum
1304 2101 1370 2156 viris
1393 2099 1581 2156 abstinendum
1604 2098 1650 2162 sit,
1675 2106 1703 2153 et
1721 2098 1791 2168 quot

167 2194 255 2250 mines
275 2193 448 2248 introducunt
464 2193 621 2264 exquirendi
641 2194 740 2264 aliquid
762 2204 820 2250 arte
835 2196 955 2253 maletica
1007 2197 1057 2254 nisi
1067 2212 1147 2253 causa
1156 2194 1350 2260 [emicationis
1363 2202 1393 2248 ιιι
1405 2192 1534 2249 Dominum
1547 2191 1595 2258 ait,
1609 2207 1664 2247 uon
1679 2191 1715 2247 sit
1724 2206 1792 2245 uxor

166 2286 350 2356 autexpiandi
367 2301 459 2351 causa,
481 2287 532 2341 sub
549 2285 640 2357 regula
657 2286 832 2356 quinquennii
852 2288 958 2343 iaceant
1007 2277 1235 2352 dimittendumd
1256 2287 1347 2356 potius
1369 2284 1535 2350 sustinenda,
1557 2291 1585 2340 ct
1608 2283 1683 2354 quod
1697 2283 1725 2338 bi
1747 2282 1792 2353 qui

166 2376 316 2433 comodum
336 2377 435 2446 gradus
459 2376 641 2444 poeniteutiae
659 2375 792 2431 delinitos.
809 2394 819 2428 ι
846 2375 958 2445 Oportet
1007 2393 1088 2434 cansa
1100 2375 1284 2431 fornicatiouis
1307 2373 1425 2430 dimissis
1446 2372 1577 2429 {uxoribus
1600 2371 1670 2426 alias
1683 2371 1791 2435 ducant,

166 2465 241 2520 enim
248 2463 347 2533 basciu
354 2463 489 2527 omnibns,
498 2471 525 2517 et
534 2464 684 2518 maximein
692 2463 735 2518 bis
743 2464 818 2529 locis,
831 2465 878 2520 ubi
887 2464 958 2520 licite
1008 2467 1114 2523 Domini
1129 2465 1260 2520 sententia
1280 2462 1394 2519 adulteri
1407 2476 1467 2518 esse
1483 2468 1620 2518 notentur.
1635 2459 1700 2515 Sive
1712 2459 1790 2515 ctiam

166 2552 585 2622 etiopuncmultiscposseboc
596 2559 752 2621 perpetrare
762 2553 914 2617 conlidunt,
929 2562 958 2607 ut
1008 2556 1123 2628 qualiter
1136 2554 1440 2611 incestaachristianis
1454 2552 1574 2608 careuda
1596 2550 1708 2617 siut,et
1723 2549 1792 2620 quoti
1902 2578 1909 2608 ι

167 2641 315 2698 stadiosius
341 2649 368 2697 et
389 2641 544 2711 diligentius
570 2641 765 2696 admoneantur
787 2651 815 2696 et
840 2643 959 2698 severius
1008 2645 1135 2702 luculleo
1149 2645 1236 2701 duaa
1254 2643 1420 2714 irequeutius
1443 2640 1652 2709 devotiusquea
1673 2636 1794 2693 tdetbus
1888 2672 1907 2692 .

168 2732 350 2803 summantur.
368 2731 438 2787 Sunt
452 2744 467 2773 ι
494 2739 521 2787 et
545 2730 598 2786 alia
622 2731 778 2786 detestanda
797 2732 959 2802 virtuosae
1009 2737 1043 2791 aut
1067 2735 1151 2790 boum
1174 2733 1339 2789 exorandum
1358 2731 1463 2800 sibique
1481 2729 1616 2800 propitius
1643 2725 1793 2782 tacteuttuu
1883 2750 1905 2782 ι

168 2822 208 2878 ιιι
219 2822 442 2891 habenturquasi
460 2822 619 2875 naturaiiter
633 2821 659 2875 in
683 2836 733 2876 usu
755 2821 778 2886 ⁸,
796 2832 826 2876 nt
843 2837 875 2877 ea
895 2837 957 2893 per-
1009 2825 1063 2880 sint
1077 2824 1208 2879 adeunda.
1222 2823 1257 2878 tit
1279 2821 1350 2891 quod
1365 2820 1392 2875 in
1417 2804 1536 2875 basilicis
1551 2819 1608 2874 lico
1625 2817 1723 2875 desta
1742 2831 1793 2871 nott
1879 2836 1903 2872 ι

168 2919 315 2982 potientes,
330 2911 423 2981 quanti
436 2911 491 2966 sint
503 2910 634 2976 criminis,
649 2926 703 2965 uon
720 2911 871 2966 advertant.
883 2911 959 2967 Sicut
1010 2915 1045 2972 sit
1058 2914 1154 2971 fabulis
1167 2913 1260 2970 otiosis
1271 2912 1446 2983 turpibusque
1458 2918 1486 2966 et
1498 2908 1623 2966 obscenis
1637 2907 1794 2965 summme·
1863 2936 1903 2949 -

168 3007 233 3056 mut
244 3014 278 3054 ca
290 3015 359 3069 quae
371 2999 508 3069 apostolus
523 3008 616 3069 aperte
626 3008 776 3066 enumerat,
789 3001 815 3055 id
828 3008 868 3055 est
877 2973 995 3058 ebrie·C
1012 3006 1128 3062 tionibus
1144 3004 1301 3068 vacandum,
1322 3010 1350 3057 et
1372 3001 1477 3072 negotist
1493 2998 1626 3056 muniaris
1646 2999 1657 3031 ¹
1678 2995 1794 3067 pubiicu-
1858 3023 1902 3035 ‹-

168 3095 249 3155 tatcs,
277 3090 525 3154 commessationes,
553 3089 752 3156 contentiones,
780 3088 847 3155 irae,
872 3090 959 3156 rixae,
1010 3111 1062 3167 quo
1077 3096 1176 3167 placitu
1196 3095 1330 3159 habenda,
1354 3092 1463 3161 etquod
1477 3091 1523 3162 qni
1541 3090 1610 3146 lutee
1631 3088 1660 3145 itt
1677 3086 1794 3145 ecclesiis
1843 3098 1903 3138 a

168 3179 366 3243 dhtenmortes,
399 3178 593 3243 detractiones,
625 3177 756 3242 invidiae,
789 3178 958 3243 inimicitiae,
1010 3186 1058 3241 liei
1081 3182 1184 3239 iaciunt
1208 3183 1312 3238 maiora
1341 3181 1392 3237 sibi
1417 3188 1527 3252 peccota
1549 3178 1732 3236 accumulem.
1759 3176 1796 3231 Iis
1822 3186 1905 3227 z

169 3283 242 3340 quac
258 3269 382 3325 borutiues
399 3269 473 3324 iuxta
490 3270 605 3324 eundem
619 3267 769 3338 apostolum
785 3283 801 3323 a
818 3268 961 3338 regnolici
1009 3276 1081 3332 insto
1095 3275 1189 3331 iuditio
1209 3275 1362 3341 iudicando,
1376 3281 1405 3330 et
1421 3286 1565 3329 mimeram
1580 3269 1739 3341 acceptione
1754 3283 1795 3324 cre
1822 3292 1904 3305 -

169 3359 324 3424 excludunt,
347 3360 384 3414 its
404 3360 529 3430 inquiens
549 3373 557 3413 z
582 3358 633 3424 Qut
652 3360 720 3412 cutim
733 3358 799 3413 tolia
818 3368 899 3429 agunt
921 3375 962 3413 re-
1010 3367 1106 3422 vondn.
1130 3365 1169 3420 bo
1194 3364 1263 3420 iutso
1287 3363 1440 3420 testimonio
1463 3361 1572 3417 citando
1588 3367 1618 3416 ct
1634 3359 1796 3416 detractione
1814 3366 1905 3411 a

69 3496 72 3500 .
166 3470 253 3526 gum
266 3453 314 3508 liei
328 3470 380 3508 nou
390 3463 574 3507 consecuntur.
587 3451 617 3505 ιιι
632 3460 736 3505 tantum
750 3451 821 3506 euim
839 3465 870 3505 ea
885 3451 962 3519 inpu-
1010 3453 1131 3519 uitanda,
1150 3460 1300 3507 necnonct
1317 3452 1349 3507 de
1364 3450 1478 3506 caeteris
1490 3463 1560 3519 quae
1572 3445 1791 3504 enumerarcion
1842 3470 1901 3493 -r

166 3546 267 3600 denter
279 3550 307 3597 et
319 3541 432 3596 tidenter
450 3540 559 3610 quidam
578 3538 760 3603 committunt,
774 3537 912 3593 utmerito
928 3538 962 3593 de
1011 3558 1076 3615 gum
1087 3550 1139 3599 cst.
1153 3541 1223 3597 Sunt
1239 3541 1322 3596 etiam
1344 3540 1395 3594 alia
1416 3539 1494 3610 pluis
1511 3536 1611 3609 lingitis
1627 3549 1793 3608 pernecesse
1817 3556 1902 3582 ,ε

167 3634 220 3689 iili!
235 3617 405 3700 dicipossiii
422 3629 547 3683 Leldnlur
564 3642 623 3680 cttm
638 3626 825 3696 malefecerint,
848 3635 873 3680 ei
886 3625 961 3680 estti-
1011 3635 1081 3691 pium
1100 3634 1271 3703 oofflgenda,
1296 3647 1366 3701 quoe
1389 3646 1440 3687 nos
1463 3631 1524 3687 ideo
1547 3630 1592 3686 hin
1609 3630 1733 3685 inuenere
1748 3633 1904 3682 nou·-

168 3731 226 3777 tattt
239 3724 268 3777 in
281 3721 357 3776 reiut
368 3720 495 3790 pessimis.
513 3719 589 3775 Unde
601 3725 716 3787 oportet,
731 3725 762 3771 ut
773 3731 868 3772 omnes
887 3717 960 3773 ctut·
1012 3723 1193 3781 necessarium
1219 3723 1354 3786 duximus,
1383 3720 1510 3791 quoniam
1533 3719 1601 3775 satis
1617 3718 1758 3775 evidenter
1774 3715 1903 3771 itt-d

169 3813 251 3869 stisni
265 3812 333 3867 haec
354 3818 382 3866 ct
395 3809 528 3866 subtiliter
542 3807 698 3877 intellegant
718 3815 745 3863 et
767 3807 961 3863 studiosissime
1012 3812 1109 3868 vestris
1122 3811 1248 3882 capitulis
1259 3825 1291 3866 ea
1306 3810 1500 3880 comprehensa
1514 3822 1575 3865 esse
1596 3807 1712 3874 scimus,
1734 3810 1902 3876 quo-t

170 3908 302 3965 conectit,
331 3913 364 3954 nc
384 3913 417 3953 ea
443 3903 646 3968 perpetrantes,
671 3905 699 3952 et
725 3896 778 3950 alia
800 3897 870 3953 bona
893 3911 962 3966 quae
1012 3917 1060 3958 uos
1076 3910 1167 3958 vestra
1182 3902 1342 3958 auctoritate
1356 3909 1383 3955 et
1395 3899 1513 3959 ildelium
1528 3899 1895 3970 oonsuttupuursae

170 3994 256 4058 agam
269 3986 394 4057 perdant,
416 3993 444 4040 et
457 3991 566 4053 propter
585 3983 653 4038 baec
666 3997 681 4037 a
696 3997 778 4052 regno
793 3982 841 4037 liei
856 3997 885 4038 sc
898 3981 963 4037 alie-
1013 4008 1081 4050 nuos
1095 3993 1194 4051 missos
1210 4001 1316 4050 vostros
1330 3993 1488 4064 corrigenda
1502 4005 1564 4048 esso
1577 3992 1768 4049 consuevistis.

170 4091 222 4132 nos
234 4074 344 4130 iaciant.
360 4073 491 4128 Similiter
503 4073 585 4128 ctiam
600 4073 634 4128 de
654 4073 740 4128 otioso
754 4086 895 4137 sermone,
912 4087 962 4142 pro
1215 4085 1260 4141 pq:
1275 4083 1434 4140 pssttsottn
1453 4079 1592 4140 amnti,

171 4185 226 4240 qno
238 4169 313 4225 iuxta
335 4168 442 4224 bomini
459 4182 550 4223 uocem
574 4183 662 4222 omncs
685 4166 812 4222 reddituri
829 4183 919 4222 ramus
934 4168 962 4222 iu
1049 4174 1115 4229 item
1127 4174 1189 4229 ulia.
1203 4173 1300 4231 ilaece
1318 4189 1367 4230 nos
1384 4173 1475 4230 iideles
1488 4182 1515 4228 et
1528 4172 1700 4230 devotissimi
1715 4156 1895 4229 ismufl⁵

172 4259 215 4315 die
235 4259 323 4312 iuditii
344 4259 481 4324 rationem,
495 4258 528 4313 dc
548 4257 696 4313 scurilitate
714 4264 741 4312 et
759 4256 925 4327 stultiloquio
936 4264 964 4312 et
1014 4271 1041 4319 ot
1057 4271 1179 4320 oratores
1201 4264 1284 4320 vostri
1309 4263 1385 4319 iuxta
1409 4262 1572 4333 porcionem
1595 4277 1697 4319 sensus
1722 4245 1892 4317 uostrl'

172 4348 421 4413 maledictionibus;
441 4348 570 4416 quoniam
588 4347 663 4402 iuxta
679 4346 830 4415 apostolum
852 4344 962 4401 maledi-
978 4329 1093 4424 Dpiont
1108 4356 1225 4410 nrovitos
1238 4355 1366 4424 temporis
1378 4353 1509 4423 permisit,
1522 4353 1674 4409 secundm
1684 4348 1891 4408 ιιιιιιεισΙ

172 4443 259 4492 costes
271 4451 378 4505 regnam
391 4434 440 4487 Dei
453 4434 697 4504 nonpostidcdunt5
715 4433 749 4488 dc
769 4435 914 4500 mendatio,
929 4434 962 4490 tie
1014 4443 1211 4499 ordinationem
1235 4450 1362 4510 vostram,
1380 4444 1413 4499 de
1438 4443 1480 4498 luis
1497 4456 1566 4512 qnae
1581 4442 1619 4498 ad
1637 4450 1761 4498 nostum
1779 4430 1891 4496 ed*

173 4525 335 4595 Ρθῐίῢΰιῦθῡ,
349 4524 438 4588 ιθῐὶύ,
457 4524 619 4592 ιθθὶΰΰθιῑῑθ
641 4524 801 4590 infamium,
819 4533 847 4580 0⁸
869 4527 963 4582 obste-
1015 4535 1184 4588 sacerdotum
1197 4533 1432 4602 subiectorumque
1443 4540 1598 4589 nostrorum
1609 4528 1891 4589 summu&

174 4617 218 4673 nis
232 4618 406 4685 turpibusque
418 4616 541 4680 canticis,
555 4617 679 4671 ouutibus
695 4616 848 4671 christianis
860 4617 964 4672 intelic-
1014 4632 1043 4678 et
1056 4625 1270 4680 emendationem
1287 4625 1422 4694 pertinere
1437 4625 1639 4694 perspeximus,
1649 4638 1765 4680 necnon
1780 4610 1890 4678 e!

175 4707 292 4775 gendum
311 4715 339 4760 et
351 4706 547 4761 obseruandum
563 4715 614 4769 cst,
637 4715 666 4761 ut
682 4721 851 4775 summopere
871 4708 905 4762 ab
921 4709 964 4763 his
1016 4715 1049 4771 de
1061 4715 1104 4770 bis
1119 4729 1187 4784 quae
1207 4715 1313 4786 populis
1330 4717 1483 4773 necessario
1507 4716 1696 4772 adnuntianda
1708 4724 1737 4771 et
1759 4698 1893 4770 affl

173 4812 206 4855 so
216 4803 340 4860 etvemtt,
356 4810 389 4849 ne
402 4795 444 4849 itis
454 4796 592 4850 studentes
602 4811 651 4866 per
672 4795 871 4865 neglegentiam
882 4797 965 4852 detri·
1018 4805 1150 4862 monendo
1165 4808 1356 4876 praevidimus,
1373 4808 1439 4865 titud
1452 4809 1534 4863 otiam
1549 4807 1622 4879 qood
1635 4804 1896 4878 omoptoet·

174 4895 297 4946 mentum
321 4900 431 4940 suarum
451 4884 768 4954 paciunturanitnarum.
789 4885 861 4939 llaec
883 4885 964 4955 igitur
1018 4896 1067 4951 toti
1088 4897 1285 4967 (temnendum
1306 4899 1493 4954 tantummodo
1508 4897 1703 4965 indicos-imos,
1724 4891 1896 4969 μισθ

176 4996 246 5052 quae
269 4981 388 5037 breuiter
405 4979 552 5050 praeniissa
582 4987 654 5042 suut,
678 4979 795 5048 priunum
823 4979 966 5035 adiuvante
1019 4985 1053 5041 de
1067 4986 1160 5042 multis
1171 5003 1241 5057 quac
1253 4987 1280 5042 in
1293 4989 1394 5043 nostris
1405 4988 1585 5044 conventibus
1597 4995 1676 5059 gesta
1688 4982 1901 5044 suntsed

177 5073 267 5129 divina
286 5074 373 5145 gratia
394 5073 623 5142 anolrismetipsis
634 5074 795 5139 abdicando,
811 5073 927 5128 formam
938 5085 966 5131 et
1019 5086 1172 5146 cerpentes,
1194 5079 1221 5135 in
1236 5094 1319 5134 unum
1343 5078 1488 5149 redigendo
1508 5079 1632 5135 succinte
1654 5087 1684 5135 et
1702 5072 1902 5137 ΝΜ

781 5184 976 5242 libiileTES
993 5187 1193 5246 LECTlONliS.

214 5298 316 5389 ’ἄξαι
353 5298 550 5354 ὀοιιιιοιιιιιι.
607 5298 851 5355 'subsecuntur-c.
887 5301 987 5357 ‘usttrn
1002 5320 1027 5356 ci
1065 5304 1124 5358 laic.
1162 5303 1369 5360 ‘camalibnsc
1400 5303 1576 5361 'secularem

944 5413 1057 5470 NOTAE.

214 5517 228 5546 ²
240 5503 289 5561 tiro
304 5506 330 5561 in
344 5506 486 5560 lltlditioue
499 5520 529 5566 n,
542 5519 601 5572 cap.
616 5503 661 5568 22,
677 5504 780 5572 incipit.
1052 5507 1135 5563 etto.
1150 5524 1190 5574 ιιι,
1206 5508 1372 5577 euspicium,
1387 5523 1415 5578 p.
1430 5506 1509 5572 toto,
1520 5508 1592 5562 med.

215 5573 229 5614 t
243 5576 291 5630 ilic
306 5577 397 5645 incipit
412 5574 562 5630 ildditionis
575 5590 595 5628 n
609 5588 667 5644 cap.
679 5573 722 5627 25.
