3826 6112
602 316 634 373 Β.
655 316 780 375 cubuit
797 316 904 374 AiAGNl
923 313 998 374 OPP.
1017 316 1107 374 PARS
1123 318 1145 373 1.
1164 315 1260 375 secl.
1279 314 1300 372 1.

659 546 941 612 contritionibus
960 547 1220 607 FRAGMENTA.

168 734 258 790 Codex
271 731 420 797 Gotbanus,
440 730 560 798 tultus,
569 739 631 802 post
640 731 799 802 rescriptum
811 730 1015 787 consultationis
1038 733 1236 802 cpiscoporum,
1250 745 1277 785 a.
1297 729 1350 787 829
1373 738 1400 785 ct
1420 738 1562 802 antequam
1582 731 1618 789 ad
1639 729 1760 790 Lotbani

135 803 303 874 irruperatoris
316 802 473 871 capitularia
487 803 625 870 procedat,
639 801 756 870 capitula
770 802 872 870 aliquot
886 801 987 871 profert
1000 816 1049 856 suo
1061 804 1185 871 quodque
1199 815 1311 856 numero
1324 801 1489 869 insignitum,
1510 802 1614 858 scilieet
1633 817 1664 858 ea
1687 819 1761 859 ,ιιι

134 882 214 942 morit
226 888 306 942 supra
324 874 435 933 editum,
447 873 570 940 quodque
579 871 718 926 Gutbanus
729 869 785 938 jam
798 871 825 924 in
840 871 1064 940 linocnpitulnris
1082 872 1144 927 anni
1164 870 1217 927 805
1228 870 1259 924 B.
1273 885 1385 925 nurnero
1398 886 1450 924 xxr
1463 870 1618 942 insignitum
1633 818 1762 929 editoe

134 950 192 1007 rot;
210 950 266 996 tum
277 956 407 996 canonem
425 939 455 995 Si
470 942 528 1011 quir
540 940 622 1010 trater
633 954 646 981 ο
656 957 667 1005 t
678 949 769 1008 postea
785 954 845 1008 rap.
859 956 897 1006 tx,
917 941 988 1009 quod
1001 955 1081 1010 supra
1093 941 1235 1005 edidimus,
1256 956 1314 1010 cuo.
1336 956 1373 1005 ru,
1386 939 1418 992 de
1436 954 1490 993 xxx
1511 957 1642 996 nonoretur
1658 960 1761 1013 possa-

103 1017 106 1023 ’
133 1026 225 1074 sanun
239 1011 340 1080 absque
352 1025 464 1065 numero
478 1007 542 1063 Octo
555 1026 666 1079 generat
679 1023 738 1077 cap.
751 1025 769 1062 u
784 1018 811 1062 et
823 1026 853 1064 ιιι
867 1011 957 1080 capita
978 1025 1060 1081 suma
1078 1027 1112 1067 ex
1124 1010 1224 1067 Codice
1240 1009 1327 1066 sancti
1341 1008 1417 1064 Pauli
1430 1009 1512 1065 edita.
1526 1009 1647 1078 Quorum
1659 1026 1693 1067 ca
1703 1028 1761 1082 quau

133 1095 189 1135 non
203 1093 285 1151 supra
302 1088 410 1135 exstant
424 1079 469 1133 bie
481 1078 642 1147 proterenda
656 1078 820 1135 censuimus.

169 1190 198 1244 1.
212 1188 251 1246 De
264 1187 300 1244 50
312 1203 440 1242 annorum
454 1188 623 1258 possessione.
638 1186 666 1241 Si
691 1187 753 1257 quis
765 1201 814 1256 per
834 1184 869 1241 50
882 1201 929 1240 an·
942 1191 968 1250 Α
982 1187 1091 1241 minium
1111 1187 1232 1254 exilium,
1243 1196 1369 1254 mortem,
1384 1187 1551 1244 semitutem.
1570 1186 1647 1256 Quod
1666 1186 1762 1244 borum

133 1298 184 1338 nos
193 1278 342 1350 possederit
354 1294 440 1344 casas,
453 1276 576 1342 familias,
587 1276 627 1332 vel
640 1285 735 1343 terras,
749 1285 777 1332 et
787 1277 923 1345 cognitum
972 1282 1024 1338 est,
1031 1275 1134 1345 quodin
1142 1276 1332 1345 breretempus
1339 1275 1519 1344 proculusque
1526 1275 1632 1344 peccati
1642 1285 1741 1347 qtnnta
1753 1279 1764 1310 ¹

134 1370 215 1425 luerit
231 1368 293 1437 quia
304 1367 363 1423 cius
376 1367 510 1436 possessio
524 1364 585 1430 luit,
604 1375 665 1434 oost
675 1366 709 1420 50
720 1380 851 1420 antrorum
863 1380 925 1419 eur·
974 1363 1181 1432 deprehenditur
1191 1374 1381 1434 perpetratum,
1396 1365 1447 1421 nisi
1465 1365 1533 1423 lorte
1550 1367 1630 1432 talio;
1646 1366 1675 1421 id
1692 1367 1762 1421 enim

134 1459 218 1514 ricula
235 1472 324 1529 pugna
345 1473 398 1511 non
418 1456 571 1524 proveniat3
589 1455 641 1510 nisi
659 1455 777 1523 insequi
795 1453 922 1523 possuit,
974 1457 1039 1527 agit,
1051 1466 1080 1512 ut
1095 1458 1147 1512 boc
1163 1459 1284 1528 paciatur
1300 1458 1414 1528 quisque
1433 1460 1505 1527 quod
1516 1457 1589 1514 lucit
1606 1457 1690 1514 Unde
1701 1456 1765 1512 illud

134 1547 280 1603 seeundum
300 1545 454 1615 qualitatem
465 1543 595 1614 pecuniae
610 1559 671 1598 cum
687 1542 924 1598 sacramentalibus
974 1559 1015 1603 est
1029 1549 1109 1619 legis:
1127 1548 1240 1604 domum
1251 1566 1298 1619 pro
1308 1549 1401 1614 ocuio;
1412 1551 1516 1605 dentem·
1522 1566 1569 1621 pro
1585 1547 1672 1603 deute.
1692 1543 1766 1602 Fieri

134 1639 191 1694 suis
205 1634 339 1692 defendat.
363 1634 430 1690 Nam
445 1649 494 1704 pru
513 1647 613 1703 pugna,
635 1643 665 1689 ut
677 1634 777 1689 dictum
801 1641 852 1700 est,
869 1649 923 1688 ιιοιι
973 1639 1045 1693 οιιιιιι
1058 1647 1154 1709 potest,
1174 1648 1271 1694 uttam
1287 1640 1362 1695 brevi
1386 1649 1506 1710 tempore
1524 1639 1640 1709 quisque
1659 1636 1762 1692 amittat

134 1735 187 1783 est.
514 1776 518 1780 .
972 1726 1078 1780 oculum
1102 1727 1244 1782 seueritate
1261 1728 1403 1796 vindictae,
1424 1742 1504 1799 quem
1518 1728 1529 1759 ¹
1542 1727 1605 1782 tulit
1617 1709 1764 1796 insaniteri

169 1815 196 1869 9.
211 1813 278 1872 Octo
301 1828 398 1886 genera
411 1826 540 1884 oenamm
555 1813 582 1867 in
594 1812 699 1882 legibus
711 1826 772 1868 csse
795 1810 923 1866 describit
972 1816 1133 1886 inprobitate
1150 1819 1265 1888 peccati,

135 1903 259 1962 Tullius:
275 1905 403 1970 bannum,
417 1903 534 1969 uincula,
557 1903 678 1969 verbera,
696 1902 835 1966 talionem,
850 1901 921 1972 igno

745 2006 940 2067 valentinos
957 2003 1159 2064 boemones.

177 2124 345 2197 ¹qualitate?
380 2125 474 2197 ¹quac
486 2139 555 2179 corr.
567 2119 716 2194 quemcod.
904 2205 1007 2264 Nom

194 2303 246 2360 «Si
261 2304 323 2374 quis
336 2301 419 2359 irater
429 2301 592 2365 nominatur,
604 2299 631 2355 ld
643 2305 693 2362 est,
703 2295 883 2362 Christianus,
894 2304 923 2351 et
975 2296 1086 2362 ledieus,
1097 2302 1144 2353 aut
1154 2297 1285 2367 ebriosus,
1301 2307 1348 2355 aut
1359 2315 1451 2372 rapax,
1471 2316 1533 2358 eum
1551 2298 1706 2371 hujusmodi
1717 2317 1762 2362 titt

136 2383 179 2430 cst
190 2373 337 2430 lumieator
346 2382 393 2429 aut
406 2388 512 2429 avarus.
523 2379 570 2426 aut
580 2369 659 2425 idolis
670 2366 800 2424 serviens.
812 2373 860 2421 aut
869 2381 926 2420 nra·
978 2367 1067 2422 cibum
1078 2380 1194 2436 sumere,
1206 2368 1310 2426 auferte
1320 2371 1419 2427 malum
1428 2387 1462 2427 ex
1472 2373 1548 2429 tobis
1562 2373 1640 2443 ipsis.
1656 2392 1669 2426 s

418 2583 611 2649 totunm!
634 2575 931 2643 ltdrnnntottls
948 2577 1142 2642 CAPITULA
1160 2580 1480 2648 tondussnbulct.

172 2781 208 2836 iia
228 2780 292 2837 'luia
308 2778 367 2835 broc
381 2792 415 2833 ex
427 2773 570 2832 (lodicibus
582 2769 671 2840 iugum
685 2763 922 2835 Langobardorum
934 2760 1066 2842 decennia,
1079 2765 1317 2832 cumianisiano,
1332 2765 1455 2832 cavensi,
1468 2764 1627 2832 Parisiensi,
1636 2767 1761 2824 Blanien·

138 2855 258 2920 lmrgroo,
274 2849 397 2906 Gotbanu
414 2862 468 2900 non
482 2844 656 2900 haberentur,
675 2850 732 2893 teto
750 2834 829 2890 alicui
842 2840 916 2888 certo
933 2832 1031 2885 aserrbr
1045 2834 1236 2902 nequiverunt;
1259 2845 1349 2890 tamen
1364 2837 1433 2890 inter
1458 2853 1543 2891 antros
1557 2837 1679 2893 solato
1697 2839 1760 2894 edita

137 2921 220 2977 luisse
237 2928 324 2990 qrrrtet,
340 2933 401 2973 cum
415 2921 478 2984 post
490 2913 516 2967 id
528 2920 632 2979 tempus
644 2905 798 2984 Lotbarius,
812 2905 839 2958 in
850 2900 934 2983 Gallia
946 2907 974 2954 et
981 2898 1124 2982 Germania
1137 2904 1214 2961 bellis
1226 2919 1275 2975 per
1288 2907 1432 2962 triennium
1452 2904 1600 2973 involutus,
1614 2917 1642 2963 et
1658 2924 1702 2963 au.
1717 2907 1759 2964 tlt

138 2991 194 3046 lilio
206 2989 341 3045 Ludorico
363 2987 391 3041 in
402 2998 492 3056 regem
512 2979 750 3051 Langobardorum
762 2976 858 3039 ascito,
869 2970 973 3027 ltaliam
985 2986 1040 3026 non
1052 2975 1184 3029 reviserit.

136 3103 180 3159 Ee
191 3100 275 3159 cont.
288 3098 468 3160 Ambrosiam,
477 3095 638 3158 Florentino,
646 3089 814 3156 Londiuensi,
829 3084 928 3141 Vindu-
942 3083 965 3146 B
978 3091 1024 3152 pta
1037 3097 1097 3141 esse
1107 3083 1221 3156 prolata,
1232 3104 1301 3161 quae
1312 3099 1374 3147 sunt
1385 3091 1487 3161 absquo
1499 3105 1594 3148 mernse
1603 3100 1631 3148 et
1644 3092 1688 3149 die
1699 3107 1759 3148 mcu-

317 3168 433 3234 bouertsi,
448 3165 606 3230 'Veronensi
625 3162 739 3218 Edend-
975 3171 1027 3239 sis;
1041 3174 1075 3230 de
1092 3177 1190 3246 quibus
1209 3165 1341 3246 volumus,
1360 3189 1390 3237 ut
1406 3181 1427 3237 si
1443 3181 1572 3252 deinceps
1589 3183 1696 3255 prolata
1713 3184 1759 3240 lue

172 3283 185 3337 1
199 3284 219 3337 ¹.
231 3274 361 3338 Volumus
372 3286 402 3334 ut
417 3277 441 3335 si
452 3275 588 3348 quaelibet
598 3287 714 3345 persona
729 3272 757 3326 in
776 3268 874 3326 linibus
886 3280 927 3322 re·
975 3263 1157 3331 nonnullum
1174 3270 1290 3328 babeant
1304 3273 1435 3343 rigorem.

136 3373 182 3446 gui
197 3373 281 3428 nostri
293 3373 382 3441 ignem
395 3369 423 3425 in
440 3368 507 3424 silva
526 3365 771 3423 convivare¹¹ausa
782 3359 873 3423 luerit,
885 3357 926 3414 di-
1008 3357 1027 3412 3
1042 3356 1065 3412 ¹.
1093 3359 1128 3416 Ut
1146 3363 1289 3419 terminum
1318 3366 1416 3421 babeat
1438 3360 1618 3437 unaquaeque
1645 3367 1757 3430 ecclesia,

137 3465 252 3535 ligentur
264 3460 415 3530 inquiratur
431 3458 456 3526 ’ς
468 3466 497 3514 et
508 3456 728 3526 sicomorobatus
741 3450 926 3508 tuenrserms
975 3447 1115 3517 dequibus
1128 3452 1199 3509 villis
1211 3454 1341 3511 decimam
1354 3457 1469 3527 accipiat
1491 3458 1513 3511 ¹.

137 3552 189 3608 boc
204 3551 309 3616 iecisse,
321 3557 367 3605 aut
377 3549 500 3605 dominus
517 3547 575 3602 eius
589 3559 658 3602 veum
681 3543 715 3598 ad
738 3540 926 3613 flagellandum
1009 3536 1061 3596 4¹.
1078 3543 1117 3598 ile
1129 3545 1242 3601 notariis
1254 3547 1299 3616 qui
1311 3554 1401 3602 curtas
1413 3547 1546 3617 accipiant
1560 3548 1582 3580 ¹¹
1601 3548 1636 3603 ad
1651 3549 1758 3604 scrllen

137 3651 165 3698 et
189 3643 276 3711 capite
297 3639 461 3696 tundendum
483 3640 581 3703 tradat,
603 3643 650 3692 aut
674 3651 722 3707 oro
744 3649 777 3689 οο
799 3632 925 3703 quicquid
974 3634 1048 3702 dum,
1064 3637 1087 3692 si
1105 3651 1152 3692 eas
1168 3651 1221 3692 nou
1238 3636 1395 3706 scripserint
1408 3645 1455 3691 aut
1471 3639 1493 3692 si
1514 3653 1563 3693 eas
1585 3639 1756 3708 perdiderint,

138 3733 326 3802 darrrpnietatis
338 3731 348 3761 ¹
360 3730 453 3786 lecerit
463 3728 606 3785 emendare
616 3734 737 3797 cogatur.
750 3724 780 3780 Si
794 3723 877 3780 reru¹
892 3722 925 3778 li·
974 3731 1126 3780 restaurent
1139 3725 1211 3794 ipsas
1227 3726 1306 3780 rosei
1320 3727 1397 3782 cuius
1410 3733 1502 3782 carme
1513 3726 1555 3783 eis
1575 3728 1692 3783 traditas
1706 3725 1758 3780 luis

137 3824 201 3880 bera
214 3822 347 3893 quaelibet
358 3838 472 3893 persona
483 3819 635 3877 boclecisse
645 3820 757 3888 probata
776 3815 866 3891 luerit,
878 3828 925 3885 pe·
973 3825 1043 3872 sent
1052 3815 1081 3872 Si
1094 3830 1156 3873 vero
1166 3817 1412 3885 negaverintluisse
1419 3818 1559 3884 traditum,
1571 3821 1666 3876 iurent
1679 3820 1698 3850 ¹¹
1708 3831 1757 3874 curu

138 3914 210 3968 nitus
221 3912 364 3968 emendare
376 3897 496 3983 cogatur,
510 3921 537 3968 et
550 3913 659 3981 insuper
675 3911 794 3966 bannum
803 3917 925 3963 nostrum
972 3906 1029 3963 suis
1041 3907 1290 3963 sacramentalibus.

138 4012 296 4073 coruponat;
313 4010 341 4058 et
352 4003 374 4057 si
385 4018 438 4057 non
451 4000 574 4056 babuerit
587 3999 656 4053 unde
669 4004 821 4066 outuponnt,
834 3996 925 4069 ssngel·
1207 3999 1249 4057 Ea
1261 4000 1356 4057 Codice
1367 4002 1536 4059 Loudineusi.

137 4094 218 4148 letur.
231 4094 308 4159 Quod
323 4093 346 4148 si
361 4092 461 4148 laetum
483 4093 629 4161 lueritper
646 4090 771 4145 meliores
783 4088 835 4144 luci
850 4088 924 4143 illius
1007 4092 1024 4147 5
1053 4091 1104 4158 Qui
1119 4105 1133 4134 α
1145 4106 1284 4162 possessor
1295 4094 1330 4148 ad
1351 4093 1478 4150 iudicium
1492 4098 1577 4160 uenit,
1598 4111 1654 4152 non
1668 4103 1708 4150 cst
1721 4108 1757 4146 ro·

138 4184 297 4252 inquiratur.
314 4183 342 4238 Si
360 4184 387 4237 iu
410 4184 528 4253 qualibet
541 4197 656 4253 persono
674 4177 809 4248 suspectio
831 4177 922 4242 sutrii,
972 4183 1074 4253 gendos
1090 4183 1180 4240 dicere
1194 4184 1264 4239 unde
1279 4193 1364 4250 tenet,
1378 4201 1426 4240 nec
1438 4187 1607 4254 probationis
1621 4187 1759 4243 necessitas

138 4274 162 4328 si
178 4289 272 4328 seruus
289 4281 338 4338 est,
355 4275 389 4330 ad
404 4274 526 4330 iuditium
536 4274 661 4330 dominus
676 4272 736 4326 cius
747 4284 810 4325 eum
823 4268 921 4332 mittat,
971 4276 996 4331 ei
1009 4275 1088 4331 debet
1102 4276 1213 4345 imponi,
1226 4274 1273 4331 sod
1285 4277 1337 4332 boc
1351 4276 1468 4333 odicium
1480 4278 1569 4348 tnagis
1578 4286 1623 4333 est
1634 4277 1750 4349 petitoris

138 4370 183 4416 aut
194 4364 250 4431 inse
268 4380 317 4433 pro
328 4379 360 4418 οο
374 4374 572 4420 sacramentum
589 4363 687 4429 laciat;
708 4363 780 4433 quud
794 4361 817 4416 si
838 4359 921 4415 libera
973 4374 1004 4421 ut
1020 4381 1078 4422 rem
1094 4382 1175 4436 quam
1188 4367 1285 4436 repetit
1299 4367 1334 4422 ad
1345 4383 1374 4422 se
1390 4368 1486 4422 doceat
1496 4369 1649 4437 portinere..

139 4466 253 4520 persurm
265 4453 355 4520 luerit,
370 4455 479 4525 proprio
493 4462 662 4513 sacramento
676 4468 706 4508 se
723 4453 851 4508 idoneum
861 4412 959 4507 red·c
1117 4457 1157 4512 Eu
1168 4457 1325 4523 munburdo,
1340 4458 1411 4523 libr,
1427 4460 1467 4513 tit.
1479 4459 1523 4523 tt,
1542 4477 1567 4513 c.
1581 4463 1628 4516 85.
1743 4510 1745 4514 .

139 4544 194 4602 dat.
1011 4549 1028 4603 li
1039 4548 1071 4603 ¹¹.
1084 4548 1265 4618 Praecipimus
1275 4557 1306 4604 ut
1317 4565 1386 4605 nora
1399 4549 1623 4607 conditioaldioni
1634 4568 1651 4606 a
1664 4552 1762 4608 dorrriuu

172 4638 218 4691 2⁸.
226 4637 325 4694 Audite
335 4636 514 4707 comperimus
523 4636 656 4694 inlluibus
665 4636 847 4693 Tusciaetalia
855 4652 924 4692 scn-
975 4655 1031 4696 non
1049 4641 1212 4709 imponatur.

748 4747 944 4807 inutilibus
961 4751 1161 4807 LECTiONES.

175 4836 548 4908 ¹onndiluratoriume.78.
586 4832 769 4894 'itu'codicee
780 4841 800 4893 ι’.
811 4855 834 4894 e.
852 4841 1084 4907 excitare;ltulice
1096 4844 1219 4898 evriuare
1233 4843 1252 4897 il
1262 4843 1340 4901 luoco
1353 4844 1424 4898 Μαι.
1439 4848 1606 4904 comminare
1620 4848 1661 4903 Η.
1699 4848 1765 4901 ¹in·

138 4909 281 4977 quirantur
300 4906 330 4961 t.
378 4908 525 4964 ¹dormitus
541 4906 573 4962 l'.
621 4908 747 4978 'quoque
761 4910 795 4962 A.
836 4909 933 4965 ‘Mun
949 4927 975 4967 ο.
995 4912 1040 4968 79.
1088 4911 1181 4968 'lion
1200 4928 1225 4968 ο.
1240 4913 1285 4968 91.
1331 4916 1478 4986 ¹recipiat.
1500 4915 1531 4971 l.
1567 4916 1663 4974 ’Aius
1686 4934 1711 4974 e.
1723 4916 1765 4973 91.

140 4979 161 5013 ¹⁸
175 4979 308 5050 recipiunt
323 4976 410 5034 i'.l'u.
423 4977 459 5032 Ε.
497 4979 518 5010 ⁸¹
528 4978 599 5034 iuret
616 4976 664 5032 Vn.
703 4978 724 5008 ¹¹
738 4977 806 5034 ntur.
826 4995 852 5035 c.
867 4979 927 5035 199.

900 5047 1015 5106 NOTAE.

176 5130 188 5158 ¹
205 5119 242 5179 iix
253 5119 318 5174 Cod.
328 5118 426 5183 Loud,
438 5115 486 5173 tol.
495 5117 555 5172 ltt.

506 5260 699 5363 tonnano
725 5275 739 5335 1
768 5273 979 5335 excurtem
1010 5276 1202 5337 cononun
1227 5278 1302 5355 qno.
1322 5277 1406 5357 aas).

171 5409 282 5469 Consilii
292 5429 382 5471 mense
394 5413 610 5472 Novembrianni
623 5414 719 5472 stoan
734 5417 853 5488 Eugenio
867 5432 935 5540 ροῖο
949 5418 1041 5475 boma
1060 5417 1186 5473 celebrati
1199 5433 1315 5474 canones
1331 5417 1422 5486 sunt,
1437 5420 1481 5486 19,
1495 5420 1577 5485 58,et
1592 5421 1675 5486 {ibin
1686 5419 1768 5478 codi-

138 5479 216 5537 cibus
226 5481 312 5554 legum
324 5483 561 5555 Langobardorum
578 5485 681 5541 seilicet
698 5485 885 5552 Ambrosiam,

139 5552 213 5631 tensi
223 5552 292 5607 inter
303 5553 424 5609 Lotbarii
442 5555 514 5625 leges
524 5554 689 5622 referentum
702 5571 749 5611 uos
761 5557 852 5626 igitur,
867 5557 928 5612 lieet
943 5558 1030 5613 dubim
1041 5557 1210 5613 auctoritatis
1219 5557 1302 5612 videri
1321 5559 1435 5628 possint,
1454 5568 1546 5630 utpote
1560 5561 1699 5626 Cbisiano,
1718 5562 1764 5616 ea-

139 5632 214 5672 vensr
225 5621 386 5703 etedotbano
399 5626 524 5687 omissus,
537 5633 626 5679 umen
639 5641 700 5681 eum
719 5627 746 5680 in
760 5625 1004 5698 blankenburgensi
1015 5635 1100 5684 totum
1117 5628 1260 5684 concilium
1275 5628 1341 5684 illud
1354 5628 1474 5686 Lutbarii
1490 5630 1594 5702 legibus
1604 5631 1764 5694 ascribatur,

139 5683 191 5741 boc
207 5697 375 5758 notissimum
392 5693 451 5751 loco
463 5693 616 5751 referendos
630 5695 789 5751 sensuimus.

910 5487 1061 5552 'lorentino,
1082 5487 1255 5551 Londineusi,
1281 5488 1490 5555 vindobonensi,
1509 5491 1659 5546 Veronensi
1672 5500 1698 5547 ct
1720 5492 1767 5545 Es·
