3826 6112
135 288 197 346 566
312 296 315 301 ’
422 290 427 301 “
557 283 591 338 Β.
611 281 735 339 uiuent
754 280 861 340 litem
877 280 952 340 OPP.
972 280 1062 340 Plus
1078 283 1099 338 l.
1120 283 1241 344 seculo
1258 281 1378 342 entus.
1595 296 1597 299 ·
1715 283 1773 340 Μ

143 413 254 455 mansus
274 397 377 465 integer
398 397 498 464 absque
517 395 570 451 alto
587 396 594 426 ¹
612 396 722 452 servitio
747 396 925 460 adtribuatur,
940 391 1089 461 Apolliciti
1101 402 1174 461 sunt,
1185 409 1215 449 se
1225 395 1350 463 deinceps
1359 394 1412 448 ltoc
1422 393 1606 457 eruerevelle,
1619 402 1690 450 eleo
1702 401 1774 450 tem·

142 489 333 563 etpresbyteri
346 490 373 544 in
385 487 425 544 eis
443 487 581 543 constituti
593 504 646 543 nou
657 489 690 543 de
703 488 829 553 decimis,
843 499 930 556 neque
980 497 1045 552 pure
1058 498 1135 539 suum
1147 484 1336 548 ministerium,
1348 483 1375 537 in
1385 491 1513 554 quantum
1527 481 1640 540 lactrltas
1650 485 1773 547 dabitur.

144 581 178 636 de
189 579 371 636 oblationibus
389 577 517 644 bdelium,
529 573 584 634 non
596 579 630 634 de
642 577 776 644 domibus,
790 590 877 648 neque
896 578 930 634 dc
980 575 1086 644 exequi,
1100 590 1154 646 guo
1167 590 1261 631 eorum
1274 576 1414 646 profectio,
1428 583 1558 646 quantum
1579 576 1607 631 in
1625 577 1773 645 illiserat,

144 669 221 724 atriis
234 669 244 699 1
259 667 301 723 vel
315 667 402 722 hortis
417 667 646 723 iuxtaecclesiam
671 668 776 737 positis,
797 665 930 737 nequede
981 666 1023 722 bis
1037 668 1134 738 quibus
1142 669 1270 738 prodesse
1285 673 1398 737 possunt
1416 674 1444 722 et
1461 667 1575 733 debent,
1596 669 1702 724 nonsit
1718 669 1777 725 iut-

142 757 307 839 praescriptu
319 772 413 812 matrso
431 757 540 826 aliquod
552 758 691 812 servitium
709 757 809 812 iaciant
824 766 930 827 praeter
979 764 1093 825 pertuna
1104 757 1167 813 veli
1181 771 1305 812 onerosa.

140 850 363 905 ecclesiasticum.
382 849 416 904 Et
430 850 453 905 si
466 849 564 918 aliquid
579 850 694 920 amplius
704 848 857 916 habuerint,
868 848 930 904 inde
1014 845 1058 900 ue.
1073 845 1111 901 Ne
1123 847 1199 916 pueri
1213 862 1277 901 vero
1287 847 1345 902 sine
1360 846 1496 902 voluntate
1515 856 1656 917 parentum
1677 857 1776 904 tonso·

140 943 292 998 senioribus
304 944 360 998 suis
373 943 492 999 debitum
505 943 644 997 servitium
658 941 824 1012 impendant.
980 943 1083 1000 rentur,
1097 936 1138 991 vel
1149 937 1160 968 1
1173 937 1278 1006 puellae
1303 937 1434 1001 velentur,
1449 939 1536 993 modis
1549 938 1676 993 omnibus
1695 939 1773 995 iniri·

146 1017 152 1026 ⁸
177 1033 220 1086 ll.
238 1032 372 1088 statutum
385 1042 437 1098 est,
449 1040 591 1104 postquam
605 1034 656 1088 boc
674 1031 813 1101 impletum
833 1028 928 1092 luerit,
979 1023 1064 1080 bitum
1085 1035 1142 1092 est;
1165 1028 1253 1096 etqui
1273 1028 1324 1082 hoe
1337 1026 1426 1083 lacere
1445 1027 1633 1098 temptaverit,
1656 1026 1775 1083 multam

139 1131 171 1177 ut
186 1137 360 1193 unaquaeque
378 1122 493 1179 ecclesia
514 1139 592 1178 suurn
614 1123 800 1192 presbytorum
822 1120 928 1184 habeat,
980 1128 1048 1184 quae
1061 1114 1088 1168 in
1100 1115 1223 1184 capitulis
1237 1116 1304 1186 legis
1323 1116 1474 1171 mundanae
1490 1131 1507 1170 a
1523 1116 1603 1173 nobis
1615 1117 1775 1173 constitutis

40 1196 46 1211 ’
141 1214 185 1268 ubi
199 1212 226 1268 id
240 1214 297 1267 lieri
311 1212 424 1268 facultas
437 1213 594 1283 providente
603 1211 729 1282 episcopo
741 1207 904 1280 permiserit.
980 1205 1141 1271 continetur,
1152 1207 1306 1274 persolvere
1316 1215 1437 1280 cogatur.

177 1303 221 1358 tu.
241 1303 380 1359 Sancitutn
399 1313 441 1358 est
462 1304 495 1358 de
518 1302 589 1356 villis
608 1301 684 1356 novis
707 1308 735 1355 ει
757 1297 881 1355 eeclesiis
902 1295 930 1350 in
1016 1295 1089 1351 11·.
1109 1299 1147 1354 lle
1161 1297 1267 1354 leminis
1281 1314 1349 1370 quae
1362 1300 1436 1355 viros
1449 1301 1592 1367 amittunt,
1612 1300 1714 1371 placet,
1736 1315 1775 1357 ne

133 1396 241 1452 eisdem
256 1396 362 1451 noviter
372 1394 545 1458 constructis,
561 1400 591 1447 ut
601 1392 723 1448 decimae
736 1389 770 1444 de
782 1389 848 1461 ipsis
859 1386 931 1443 villis
980 1401 1009 1442 se
1026 1387 1096 1443 sicut
1118 1388 1248 1445 hactenus
1267 1389 1411 1446 indiscrete
1429 1389 1534 1456 velent,
1549 1393 1597 1446 sed
1610 1399 1641 1447 ul
1659 1391 1774 1462 triginta

140 1489 174 1542 ad
187 1486 295 1549 easdem
308 1487 438 1542 ecelesias
451 1484 633 1540 conserantur.
980 1477 1037 1533 dies
1047 1486 1108 1546 post
1120 1479 1259 1535 decessum
1269 1479 1321 1535 viri
1334 1481 1376 1535 sni
1389 1488 1540 1551 expectent,
1550 1487 1578 1536 et
1592 1487 1654 1552 post
1664 1481 1774 1536 tricesi-

177 1578 220 1632 15.
242 1578 281 1631 be
297 1577 382 1632 sacris
399 1577 471 1631 vasis
489 1575 633 1639 ecclesiae,
655 1571 771 1642 quaein
795 1570 892 1640 pignus
914 1584 930 1624 a
979 1582 1053 1622 mum
1063 1567 1133 1624 diem
1143 1584 1192 1640 per
1201 1570 1341 1625 consilium
1350 1571 1467 1641 episcopi
1477 1571 1529 1636 sui,
1540 1571 1581 1626 vel
1591 1571 1615 1626 si
1624 1570 1771 1642 episcopos

139 1663 276 1721 nonnuliis
288 1667 314 1721 in
327 1666 485 1737 quibusdam
500 1666 566 1721 lucis
576 1665 634 1719 dari
651 1663 845 1732 comperimus,
858 1661 928 1716 initi-
979 1659 1076 1716 absens
1092 1659 1173 1716 luerit
1184 1662 1295 1718 oonsilio
1309 1663 1423 1718 aliorum
1436 1661 1621 1733 religiosorum
1641 1663 1773 1719 sacerdo·

132 1758 226 1814 iritum
239 1768 281 1813 est
295 1773 329 1813 ne
342 1758 469 1828 deinceps
482 1773 497 1813 a
509 1773 643 1828 quoquam
659 1756 716 1811 lteri
728 1762 924 1824 praesumatur,
943 1730 965 1791 Β
978 1759 1044 1816 turn,
1057 1766 1220 1823 suorumque
1231 1760 1372 1822 parentum
1383 1760 1463 1823 atque
1478 1753 1636 1817 amicorum,
1655 1752 1682 1808 id
1694 1752 1772 1824 quod

139 1849 192 1904 nisi
209 1850 378 1906 solummodo
393 1849 553 1905 necessitate
571 1849 784 1905 redimendorum
804 1847 926 1917 captivo·
976 1843 1074 1914 eligere
1091 1845 1188 1900 debent
1200 1846 1309 1916 eligant.
1322 1846 1355 1902 Et
1367 1846 1428 1917 quia
1447 1862 1463 1901 a
1483 1861 1561 1903 sacro
1574 1853 1710 1902 mutentur
1723 1860 1771 1901 ro·

139 1953 200 1992 runt
213 1939 391 2009 compellente
406 1937 427 1992 ⁸.
975 1934 1029 2004 gali
1042 1950 1134 1990 sumus
1145 1936 1166 2000 1,
1181 1943 1209 1989 ut
1233 1935 1262 1997 hi
1279 1936 1324 2006 qui
1341 1936 1474 2007 publicam
1485 1937 1613 2007 gerebant
1623 1937 1773 2007 poeniteo.

174 2027 228 2081 ll.
241 2028 280 2082 lie
295 2027 417 2084 ecclesiis
431 2042 497 2083 sane
516 2028 669 2094 destructis,
689 2028 733 2084 vel
754 2029 788 2085 de
807 2028 886 2084 nonis
899 2036 928 2084 et
977 2025 1053 2089 lietu,
1066 2034 1094 2079 ot
1107 2024 1223 2082 feminae
1242 2041 1311 2097 quae
1330 2027 1403 2082 viros
1421 2027 1589 2093 amittebant,
1605 2036 1701 2084 nostra
1722 2044 1773 2087 att·

138 2119 259 2185 decenus,
273 2121 373 2176 sirene
386 2120 510 2176 claustris
523 2121 724 2188 cronicorum,
738 2122 928 2192 qualitercon·
977 2118 1113 2184 ctoritate,
1133 2119 1218 2173 conec
1237 2118 1385 2173 deliberent
1406 2116 1471 2188 quie
1492 2124 1589 2188 agant,
1611 2125 1773 2184 tuerooarr,

131 2207 213 2261 stilai
223 2215 250 2263 et
260 2208 379 2263 ordinari
393 2209 472 2265 nobis
487 2209 632 2279 placuerit,
653 2210 713 2266 aliis
729 2211 854 2282 capitulis
864 2213 928 2270 sub-
976 2207 1128 2277 specialiter
1139 2223 1188 2279 pro
1207 2209 1250 2265 iris
1267 2208 1381 2279 capitula
1402 2207 1460 2262 lleri
1480 2214 1508 2262 et
1530 2207 1596 2278 legis
1617 2209 1776 2267 mundane

138 2308 180 2357 ter
193 2300 391 2356 adnotavimus.
977 2299 1102 2369 capitulis
1119 2301 1261 2357 inserenda
1273 2301 1449 2357 decrevimus.

174 2390 217 2444 li.
235 2390 328 2446 Sedet
342 2392 375 2446 de
392 2391 567 2448 ecclesiaram
587 2394 698 2463 honore,
718 2399 853 2466 quomodo
872 2397 928 2454 neo
1012 2389 1056 2445 22.
1079 2390 1117 2445 lie
1141 2390 1225 2460 raptis
1244 2404 1309 2447 veru
1331 2398 1358 2444 et
1378 2391 1411 2445 de
1429 2389 1591 2459 raptoribus,
1604 2405 1781 2462 quamquam,

138 2479 290 2545 autoranto,
304 2489 432 2550 quantun
447 2483 474 2536 tr
498 2498 547 2538 nos
561 2491 611 2547 ost,
625 2484 724 2555 vigeat,
739 2487 862 2544 similitor
874 2489 926 2543 in⁸
977 2479 1128 2550 specialiter
1144 2481 1357 2536 decrevissemus
1366 2481 1430 2550 quid
1446 2481 1503 2551 pati
1524 2481 1639 2537 debeam
1654 2484 1704 2554 qui
1719 2483 1775 2539 noc

72 2622 75 2628 ,
136 2568 230 2624 subter
242 2571 375 2625 adnotatis
387 2571 511 2641 capitulis
520 2573 650 2629 insertum
663 2591 723 2632 esse
734 2577 892 2635 dinoscitur.
977 2568 1053 2626 nesii
1064 2571 1190 2640 deinceps
1202 2570 1291 2626 fecere
1302 2570 1501 2640 temptaverint,
1513 2572 1577 2642 quid
1589 2579 1680 2629 iamed
1691 2588 1775 2645 super

174 2658 217 2714 16.
232 2659 271 2717 Ι)ε
285 2661 416 2732 episcopis
431 2677 495 2717 vero
511 2664 537 2717 in
556 2663 740 2735 Langobardia
759 2668 926 2736 constitutis,
977 2660 1102 2720 hissacri
1116 2676 1233 2718 canones
1246 2662 1478 2732 praeoptaretur
1492 2662 1662 2719 inserendum
1676 2679 1775 2723 neces-

135 2751 184 2821 ‹gui
201 2752 234 2805 ab
246 2752 288 2807 bis
308 2768 376 2823 quos
396 2755 557 2810 ordinabant
574 2768 744 2814 sacramenta
761 2769 789 2816 et
804 2776 927 2830 munera,
978 2751 1080 2807 sarium
1094 2752 1234 2817 duximus;
1251 2752 1622 2822 iiiiii¹¹11⁸0¹¹¹¹¹ibi¹⁸liiie³i
1638 2762 1774 2824 quandam

136 2849 232 2895 contra
248 2842 365 2897 divinam
383 2852 409 2898 ct
428 2845 585 2899 canonicam
597 2848 795 2915 auctoritatem,
808 2850 929 2922 accipere
978 2840 1080 2896 malum
1095 2841 1141 2906 sil,
1152 2848 1180 2896 et
1194 2856 1246 2895 ii⁰ii
1260 2841 1346 2896 solum
1363 2841 1489 2908 liiiiiiiiiir
1512 2843 1560 2898 ied
1573 2843 1658 2897 iiiam
1681 2844 1776 2901 divim

133 2932 181 2987 vei
192 2933 300 3003 exigere.
310 2933 382 2988 soliti
396 2942 483 3000 erant,
491 2937 586 2996 ,modis
599 2938 724 2994 omnibus
735 2938 877 2997 inhibitum
887 2951 929 3000 nst
979 2933 1138 2991 auctoritate
1150 2933 1298 2999 constricti,
1309 2941 1339 2989 ut
1348 2933 1446 2989 abhinc
1456 2934 1507 2989 lruc
1518 2933 1618 2989 malum
1630 2944 1775 2993 careatur.

136 3037 172 3076 ne
185 3022 297 3077 ulterius
313 3022 374 3088 tiat;
386 3024 449 3092 quia
467 3025 540 3079 iuxta
553 3040 645 3082 sacros
656 3042 773 3084 canones
787 3037 926 3100 uterqooa
1013 3027 1059 3085 25.
1080 3028 1119 3083 lie
1139 3026 1234 3097 puellis
1255 3025 1339 3096 raptis
1360 3025 1473 3082 necdum
1494 3026 1665 3096 desponsatis
1685 3027 1724 3084 ita
1743 3027 1775 3084 itt

137 3112 222 3181 gradu
238 3113 356 3184 proprio,
371 3114 435 3167 talia
449 3111 588 3179 iacientes,
605 3116 691 3172 decidi
707 3116 814 3175 debent.
978 3119 1092 3177 coneilio
1113 3117 1309 3183 Calcidonensi,
1326 3117 1372 3173 ubi
1386 3116 1438 3173 656
1454 3116 1475 3147 11
1493 3115 1588 3172 Patres
1606 3116 1773 3187 adfuerunt,

173 3202 218 3256 li.
235 3201 370 3257 Statuturn
388 3210 430 3258 est
444 3204 478 3258 ab
498 3203 631 3274 episcopis
650 3207 683 3261 dc
701 3208 926 3281 presbyterisque
977 3210 1142 3282 capituloliss
1157 3209 1177 3240 11
1193 3209 1322 3264 liabetur:
1344 3207 1397 3262 Eos
1419 3206 1464 3279 gui
1488 3205 1594 3278 rapient
1605 3206 1710 3278 pullos
1722 3210 1774 3265 ui

133 3291 251 3347 leminas
275 3307 366 3348 secum
390 3294 533 3349 indiscrete
547 3293 679 3373 ‘habitare
702 3298 876 3366 permittunt,
899 3309 928 3356 et
977 3302 1080 3356 nomiae
1093 3297 1172 3355 simul
1185 3298 1321 3353 lroiituntli
1332 3305 1497 3367 cooperatum
1512 3305 1536 3351 et
1550 3295 1716 3353 conhibentes
1730 3314 1775 3359 rc·

44 3380 49 3387 ’
134 3392 248 3454 ,propter
262 3384 313 3440 boc
334 3384 419 3439 marlae
439 3385 572 3454 opinionis
587 3387 737 3457 suspicione
755 3391 926 3458 denotantur,
976 3396 1102 3466 plonius,
1117 3394 1227 3450 decreuit
1246 3402 1338 3448 sancto
1355 3391 1486 3464 synodus,
1506 3392 1530 3447 ai
1552 3391 1660 3462 guidem
1684 3393 1775 3465 clerica

139 3482 168 3526 ut
183 3475 204 3527 si
220 3474 346 3544 deinceps
368 3475 496 3529 admoniti
519 3490 572 3529 non
595 3490 624 3531 se
647 3480 830 3548 correxerint,
854 3483 927 3539 velut
976 3493 1047 3551 scat,
1060 3482 1181 3539 decidunt
1192 3481 1277 3554 gradu
1287 3484 1408 3554 proprlo;
1421 3483 1444 3537 n·
1456 3498 1514 3537 tero
1530 3481 1602 3547 laici,
1615 3482 1775 3538 ειιειίιιιιιι-

139 3569 338 3632 contemptores
349 3579 486 3619 sacrorum
496 3580 627 3634 canonum
638 3571 767 3627 canonica
778 3573 927 3632 invectione
975 3577 1097 3631 eluatur.
1110 3572 1212 3640 Quibus
1222 3572 1312 3627 verbis
1322 3578 1414 3641 aperte
1423 3571 1502 3626 datur
1512 3569 1642 3641 intellegi,
1657 3569 1776 3641 qualiter

134 3655 280 3710 leniantur.
977 3664 1055 3721 buius
1068 3663 1131 3718 mali
1145 3671 1269 3719 auctores
1283 3661 1426 3717 damnanda
1438 3667 1514 3725 sunt,
1534 3660 1645 3730 quando
1663 3659 1776 3731 partici-

176 3745 219 3801 l8.
232 3745 270 3799 be
284 3746 447 3826 presbyteris
460 3747 504 3815 qui
519 3747 666 3819 accipiendi
678 3751 927 3827 chrismatisgratia
976 3772 1023 3830 pes
1042 3766 1069 3812 et
1090 3755 1265 3811 conhibentes
1285 3760 1361 3808 tanto
1383 3751 1554 3807 anathemate
1572 3747 1728 3818 feriuntur,
1746 3757 1775 3807 el

138 3840 172 3892 ad
187 3837 309 3892 civitates
320 3837 346 3891 in
358 3853 440 3892 coena
454 3839 560 3894 bomini
573 3841 665 3897 venire
679 3842 750 3899 soliti
762 3854 849 3912 erant,
865 3863 927 3903 san·
976 3846 1049 3917 quod
1062 3845 1137 3900 iuxta
1150 3843 1307 3900 canonicam
1320 3840 1510 3896 auctoritatem
1521 3838 1555 3894 ad
1565 3838 1694 3911 coniugia
1706 3836 1775 3912 legi·

134 3929 220 4001 eitum
232 3936 283 3995 est,
297 3937 330 3988 ut,
337 3931 370 3985 de
383 3929 426 3984 lais
438 3930 483 4000 qui
495 3930 573 4001 longe
582 3932 662 4001 positi
672 3941 743 3999 sunt,
759 3937 792 3991 de
809 3946 871 3992 octo
883 3939 929 3995 vel
976 3936 1042 3990 tima
1054 3941 1146 4004 raptas
1158 3932 1209 3988 sibi
1225 3931 1283 3987 iure
1298 3929 1435 3985 vindicare
1448 3927 1601 3984 nullatenus
1613 3936 1743 3999 possune

138 4021 230 4078 decern
243 4037 311 4077 unus
324 4021 493 4092 abepiscopo
506 4022 631 4094 eligatur,
642 4025 689 4094 qui
702 4034 839 4097 acceptum
852 4031 926 4086 clari-
1009 4025 1044 4081 24
1060 4025 1092 4078 11.
1108 4024 1147 4080 be
1164 4021 1332 4095 desponsatis
1353 4017 1374 4052 ¹¹
1390 4019 1488 4090 puellis
1506 4027 1533 4075 et
1545 4019 1581 4074 ab
1604 4017 1669 4074 aliis
1689 4020 1775 4091 raptit

75 4101 84 4115 ’
137 4129 197 4169 ema
222 4114 319 4171 sibiet
341 4115 421 4170 sociis
438 4115 579 4186 diligenter
598 4116 725 4187 perierat.
749 4118 782 4173 lli
795 4135 858 4175 veru
880 4121 926 4193 qui
977 4120 1014 4174 ita
1026 4118 1053 4172 in
1068 4115 1181 4173 concilio
1203 4113 1386 4186 linebyritano
1400 4112 1437 4178 ¹⁸,
1457 4110 1575 4182 capitulo
1595 4111 1720 4177 decimo,
1736 4110 1775 4167 le·

138 4222 192 4260 non
206 4206 310 4277 longius
324 4222 339 4261 a
354 4205 462 4261 civitate
473 4222 554 4277 quam
567 4215 682 4278 quatuor
692 4217 739 4264 aul
750 4210 867 4281 quinque
877 4211 927 4266 mi·
976 4212 1062 4284 gitur:
1079 4210 1253 4283 desponsatus
1266 4207 1288 4239 11
1298 4205 1409 4279 puellus,
1428 4214 1452 4261 et
1463 4215 1552 4276 posteo
1564 4202 1585 4236 ¹⁸
1596 4202 1632 4258 ab
1649 4202 1712 4258 aliia
1731 4220 1776 4259 ro-

74 4372 77 4378 .
140 4295 211 4350 libus
225 4296 357 4360 ltaltitant,
374 4297 547 4353 more.solito
559 4298 593 4352 ad
606 4298 789 4368 accipiendum
809 4301 926 4357 chrisma
976 4314 1044 4375 ptos,
1060 4301 1225 4374 placuiterui
1236 4309 1260 4354 et
1277 4299 1297 4331 ¹⁷
1319 4299 1356 4354 ειί
1373 4297 1446 4352 reddi
1466 4297 1559 4369 quibat
1581 4303 1644 4350 cate
1666 4295 1773 4366 {urent

135 4398 187 4454 per
197 4400 227 4440 se
237 4385 354 4440 veniant.
368 4384 491 4442 Discendi
507 4402 572 4442 vero
594 4389 680 4458 gralia
697 4389 759 4454 alio,
772 4404 825 4444 non
836 4391 924 4463 'iqua-
940 4393 1147 4471 purpomotae
1161 4391 1193 4456 11,
1207 4388 1308 4444 etiamsi
1321 4389 1358 4443 et's
1372 4405 1389 4441 a
1403 4385 1550 4457 raptoribus
1559 4385 1596 4439 tu'a
1612 4383 1699 4439 inlota
1711 4400 1773 4439 cott-

140 4475 314 4544 dragesimae,
325 4482 445 4544 tempore
459 4475 492 4530 ad
503 4475 624 4531 civitates
636 4486 824 4534 convocentur.
977 4483 1082 4538 stiterit.
1101 4481 1216 4537 liroindc
1234 4486 1363 4535 statutum
1382 4484 1425 4534 est
1445 4492 1462 4532 a
1481 4490 1558 4533 sacro
1576 4481 1726 4539 conventu,
1743 4481 1774 4528 ut

175 4564 220 4618 19.
243 4562 282 4619 Νε
299 4578 363 4619 vero
381 4564 497 4642 episcopi
524 4565 666 4623 occasione
687 4569 859 4637 praedicandi
880 4581 927 4627 aut
978 4580 1069 4643 raptor
1084 4571 1190 4642 publica
1205 4569 1369 4640 poenitentia
1383 4567 1520 4631 multetur,
1540 4572 1636 4636 raptae
1654 4563 1677 4596 11
1691 4577 1769 4626 vero,

135 4653 315 4711 coudrrnandi
328 4656 403 4712 oneri
417 4662 507 4712 essent
520 4656 663 4727 populis,a
684 4658 762 4714 nobis
776 4660 926 4718 admonitil
979 4665 1001 4720 si
1015 4678 1129 4734 sponsus
1140 4661 1259 4732 recipere
1270 4660 1397 4726 noluerit,
1409 4666 1436 4715 et
1449 4658 1506 4729 ipsa
1516 4657 1605 4715 eidem
1624 4657 1733 4713 crimini
1746 4652 1770 4689 1·

751 4812 947 4873 lentinuus
966 4815 1166 4873 incumbes

177 4941 254 4998 ¹ullo
273 4942 366 4997 liciata.
414 4943 515 4998 ¹areis
533 4943 559 4996 2.
597 4943 656 5013 'ei
678 4945 919 5017 suprupug.368.
942 4965 966 5002 c.
991 4948 1034 5004 ll.
1058 4948 1184 5019 quodibi
1206 4947 1405 5002 delendumeat.
1447 4944 1583 5000 16ιιι15.
1623 4947 1703 5003 'non
1717 4946 1819 5011 alic«

134 5028 221 5083 garam
235 5011 268 5079 Q.
287 5012 350 5067 ιλ.
388 5013 512 5068 ‘admoti
528 5024 556 5067 et
569 5012 595 5066 2.
633 5014 721 5068 ieti.
760 5015 853 5070 'etz
891 5016 1030 5088 ’supplevi
1045 5035 1078 5072 ex
1092 5019 1119 5082 5,
1135 5019 1205 5072 dccet
1219 5018 1247 5071 tn
1262 5017 1309 5071 rel.
1349 5014 1548 5072 “celim
1587 5016 1819 5080 uirtuti.-

25 5134 30 5143 ,
142 5082 290 5137 ¹¹tmerll.
305 5082 380 5136 lule
397 5081 555 5153 coinage.
569 5082 705 5137 taliter.
744 5084 765 5115 11
777 5085 975 5155 disponsatisl.
1016 5087 1220 5170 '‘ancyrauoi.
1258 5087 1498 5157 ¹⁸disponsatasl.
1538 5085 1672 5156 ¹⁸postl.
1705 5088 1819 5145 ”et

134 5153 170 5208 in
182 5153 222 5208 eis
231 5153 258 5209 2.
272 5154 299 5209 5.
339 5153 360 5185 11
373 5099 542 5222 ἕίιροιιιιιιε
555 5153 581 5206 1.
617 5152 637 5183 11
652 5162 756 5222 raptant
770 5154 797 5208 2.
833 5156 856 5187 11
870 5156 1160 5213 eiusdemcriminvsi.

900 5288 1016 5347 NOTAE.

176 5448 190 5477 ¹
202 5432 305 5560 (lugitis
317 5432 397 5501 hujus
408 5448 471 5548 pars
483 5431 557 5501 prior
571 5445 655 5499 nsque
673 5429 780 5499 eligunt.
800 5429 826 5483 in
840 5428 926 5485 Codd.
980 5447 1060 5502 supra
1074 5447 1135 5502 pag.
1149 5430 1211 5496 566,
1225 5445 1338 5488 numera
1353 5431 1381 5496 6,
1394 5429 1507 5485 relatum
1520 5429 1652 5486 scribunt.
1669 5429 1819 5487 lenz

138 5503 228 5574 iegurn
258 5502 402 5577 aogobard
436 5500 923 5563 indobunensi,licronctrsietlistensi
975 5503 1075 5565 nensis,
1095 5500 1249 5557 Florentino
1263 5502 1413 5571 proximus,
1436 5508 1516 5570 caput
1540 5511 1662 5556 nostrum
1683 5514 1819 5572 usqu-⁴

131 5574 211 5641 ‚apud
226 5573 397 5631 Muratoriurn
413 5587 471 5642 cap.
487 5571 531 5635 68,
545 5573 615 5626 ἰιιιει·
626 5571 697 5694 leges
709 5569 828 5652 Latinarii
840 5569 924 5625 celer·
975 5575 1072 5647 eligent
1086 5573 1112 5628 in
1125 5573 1183 5629 loco
1196 5588 1256 5629 raso
1267 5573 1357 5627 babet.

142 5653 194 5708 tur,
208 5658 261 5712 quo
280 5645 337 5699 loco
350 5642 433 5698 eoru.
454 5642 578 5696 limbrus.
600 5650 627 5696 et
675 5641 822 5696 lorentrnus
843 5649 923 5711 captu
