3824 6112
144 232 196 291 'fid
609 228 640 283 Β.
659 225 784 284 etheit
803 225 910 282 titum
929 225 1004 284 OPP.
1026 225 1115 283 extis
1133 228 1153 284 i.
1174 225 1269 283 sect.
1289 229 1309 282 1.
1728 228 1780 284 ist

138 359 225 400 ueram
235 342 419 415 poeniteutiam
429 340 563 412 pauserint.
578 339 759 404 Poeniicntcs,
770 337 815 407 qni
825 352 858 391 ex
872 352 932 408 gra·
948 352 970 408 Α
985 338 1129 392 factionem
1143 338 1244 406 absque
1256 336 1357 405 proprii
1372 336 1490 405 episcopi
1501 335 1610 391 lieentia
1630 339 1781 394 communi·

140 415 261 471 rioribus
276 412 395 482 peccatis
411 410 604 481 poeiritcntianr
625 418 731 479 perurit,
755 409 778 463 si
800 423 832 462 ex
852 408 933 462 eorde
984 423 1046 464 care
1060 407 1287 477 praesumpserit,
1307 406 1388 461 simili
1401 407 1675 461 excommunicationi
1689 408 1782 463 subia-

140 484 305 554 pocniteani,
319 483 389 537 sicut
400 481 499 537 hiaena
512 480 631 550 synodus
643 480 676 535 de
689 478 770 549 lapsis
781 477 931 535 constituit.
983 487 1053 534 ceat.
1067 478 1226 533 Sacerdotes
1238 485 1338 541 autem,
1351 477 1384 531 ad
1395 492 1463 546 quos
1471 477 1610 546 pertinere
1620 485 1781 543 noscuntur,

140 554 227 609 tribus
241 553 319 609 annis
339 552 393 607 sint
412 553 482 606 inter
502 551 650 612 audientes,
675 551 794 619 quinque
812 564 876 603 vern
891 548 931 602 rel
984 550 1007 606 si
1022 565 1069 605 cos
1082 548 1202 618 quolibet
1217 547 1380 602 muneraret
1393 547 1483 602 farore
1496 547 1721 619 aiitncgfcgentia
1735 549 1781 604 ad-

140 633 243 694 septem
261 623 339 678 annis
356 621 511 677 subiaceant
533 622 604 676 inter
620 621 788 690 poenitentes
810 618 933 673 manibus
984 635 1093 676 moriere
1106 618 1242 674 noluerint
1255 626 1301 672 aut
1321 632 1370 687 per
1383 617 1596 673 satisfactionem
1612 629 1782 675 revertentes

140 694 320 750 sacerdotum.
341 693 450 747 [hiobus
468 693 550 745 ctiam
572 692 651 746 arinis
674 690 824 749 initiationes
845 688 933 743 modis
985 706 1038 746 iton
1058 689 1301 759 aucupationem
1319 694 1522 743 contemnentes
1543 689 1576 743 dc
1598 688 1714 744 ccclesia
1727 705 1782 744 nou

139 763 264 818 omnibus
277 779 330 817 ⁰0¹¹
344 763 467 817 sinantur
484 761 590 826 offelli,
614 762 660 817 scd
682 759 867 815 tantummodo
905 775 934 811 o-
982 761 1123 824 eiecerint,
1145 759 1227 814 simili
1250 758 1383 813 sententia
1403 758 1562 828 plectantur,
1579 773 1721 828 quousque
1740 763 1780 814 iel

138 833 209 903 pulis
227 834 254 888 in
274 831 396 888 oratione
414 832 560 887 socientur.
582 832 636 887 Nee
659 831 857 886 confundantur
879 829 892 882 l
917 845 934 884 o
983 830 1178 886 emendationis
1191 829 1233 886 rel
1250 842 1344 885 eorum
1359 827 1539 884 damnationis
1559 830 1695 885 sententia
1715 845 1780 900 pro-

139 904 208 958 eolla
230 903 397 967 submittere,
412 903 458 972 qui
471 917 532 958 eum
553 919 606 957 non
627 903 774 956 tinnuerunt
787 901 931 969 abnegare.
985 902 1129 956 nrutreiur.

139 972 216 1041 Quod
227 974 250 1030 si
265 980 357 1042 utpote
368 974 497 1028 mortales
510 973 581 1027 intra
594 982 680 1027 metas
692 969 852 1041 praescripti
864 979 932 1024 tein-
985 1028 987 1032 Α
1019 946 1080 1026 lid.
1092 971 1126 1025 lt't
1137 969 1325 1042 poenitentibus
1340 968 1435 1040 absque
1447 985 1618 1040 personarum
1632 972 1783 1041 acceptione

138 1044 212 1127 poris
224 1044 342 1112 coeperit
359 1047 430 1100 ritae
448 1043 509 1098 finis
526 1058 651 1114 urguere,
667 1040 878 1097 subveniendum
892 1048 934 1094 cst
982 1042 1139 1112 poenitentia
1156 1041 1240 1094 detur.
1262 1039 1297 1095 Ut
1320 1039 1446 1094 sacerdos
1468 1040 1660 1108 poenitentiam
1686 1041 1783 1112 implo-

140 1113 344 1186 implorantibus
357 1129 404 1169 seu
422 1114 602 1183 abepiscopo,
618 1113 664 1182 qni
677 1110 870 1182 poenitentiam
884 1110 933 1163 de·
984 1113 1053 1167 rami
1067 1112 1168 1181 absque
1186 1124 1318 1180 personae
1337 1110 1494 1179 acceptione
1511 1110 1695 1180 poenitentiae
1708 1114 1783 1182 leges

138 1183 189 1250 dit,
201 1199 248 1241 scu
261 1185 295 1239 ab
308 1184 379 1244 alio,
394 1185 440 1254 qui
463 1192 553 1239 tamen
573 1184 664 1238 datam
678 1197 738 1237 esse
758 1180 931 1251 probaverit,
983 1182 1117 1251 iniungat.

138 1254 345 1311 autsimilitera
359 1255 535 1336 praesbitero,
552 1254 625 1309 iussu
636 1262 681 1308 aut
695 1253 828 1322 permissu
842 1258 933 1304 tamen
1019 1252 1080 1307 isit.
1100 1251 1139 1305 De
1156 1249 1387 1322 aepfepemioribas
1407 1249 1608 1321 poenitentibus.
1632 1250 1669 1307 Ut
1691 1251 1782 1324 negle-

138 1326 239 1394 proprii
249 1325 378 1394 episcopi.
391 1340 438 1395 per
448 1339 543 1379 manns
554 1325 754 1394 impositionem
764 1320 932 1377 absolutionc
982 1323 1119 1395 peritiores
1131 1322 1299 1391 poenitentes
1314 1319 1418 1375 tardius
1434 1320 1607 1388 recipiantur.

137 1409 248 1464 precum
262 1396 470 1450 sacerdotalium
502 1395 612 1450 iaticum
623 1394 784 1449 abeuntibus
797 1392 830 1447 dc
841 1391 932 1446 seculo
1018 1393 1079 1449 itt.
1096 1391 1187 1454 ffeeo,
1200 1392 1245 1462 qui
1255 1391 1442 1461 poenitentium
1455 1391 1483 1444 irr
1496 1390 1651 1458 infirmitate
1668 1393 1741 1464 petit.
1755 1393 1780 1450 is

137 1481 192 1520 non
207 1475 328 1536 negetur.
344 1467 437 1520 l‘urris
458 1472 562 1531 autern,
576 1466 675 1536 quihus
686 1480 701 1518 a
714 1464 832 1534 puritate
850 1478 932 1517 roca-
982 1464 1028 1534 qni
1040 1462 1233 1533 poenitentiam
1248 1462 1274 1515 in
1288 1461 1445 1515 infirmitate
1456 1460 1533 1531 petit,
1546 1461 1568 1515 si
1581 1476 1658 1528 casir,
1671 1463 1736 1518 dum
1746 1465 1781 1520 ad

137 1534 230 1591 bulum
243 1545 295 1599 est,
311 1551 358 1591 seu
373 1536 487 1599 clericis,
508 1551 556 1590 seu
576 1536 661 1598 laicis,
681 1543 728 1588 aut
744 1533 825 1588 ctiam
839 1531 932 1587 simili·
982 1550 1043 1590 eum
1062 1534 1187 1588 sacerdos
1206 1532 1334 1586 inritatus
1351 1531 1433 1594 uenit,
1456 1544 1601 1601 oppressus
1623 1532 1780 1590 infirmitate

136 1603 189 1661 hus
209 1607 324 1676 puellis,
347 1607 445 1674 quibus
462 1606 614 1675 ignorantia
634 1604 797 1676 suffragatur
816 1602 928 1666 aetatis,
981 1604 1116 1659 obmutuit
1136 1603 1179 1656 rcl
1192 1603 1219 1656 in
1240 1601 1366 1658 frenesim
1385 1616 1480 1657 sersus
1502 1600 1601 1668 fuerit,
1622 1603 1688 1658 dent
1702 1607 1779 1661 testi·

137 1676 293 1746 aliquandiu
306 1677 356 1730 suli
373 1691 469 1731 manus
481 1676 652 1745 impositione
663 1675 779 1730 detentis
796 1673 930 1728 reddenda
945 1695 969 1754 B
984 1675 1103 1731 moniarii
1114 1674 1160 1742 qui
1173 1688 1235 1728 cum
1246 1673 1397 1735 audierunt,
1410 1680 1437 1727 et
1447 1671 1562 1741 accipiat
1573 1673 1777 1742 poenitentiam.

137 1746 291 1802 ionrmunio
301 1755 352 1800 est.
363 1744 440 1812 Quod
452 1745 475 1801 si
488 1755 550 1801 ante
563 1745 735 1816 praefinitum
750 1743 931 1826 poeniteutiae
983 1744 1017 1800 lit
1029 1745 1052 1801 si
1066 1744 1195 1800 continuo
1211 1743 1331 1799 ereditur
1348 1743 1506 1807 morituras,
1524 1743 1715 1799 reconcilietur
1731 1760 1778 1816 per

138 1822 244 1886 tenipus
267 1816 386 1897 despecti
409 1831 424 1871 a
447 1815 559 1871 medicis
577 1824 624 1871 aut
642 1815 812 1872 evidentibus
835 1814 931 1868 mortis
982 1831 1078 1870 marius
1099 1813 1297 1884 impositionem
1317 1820 1344 1867 et
1361 1812 1517 1868 infundatur
1529 1814 1569 1868 ori
1582 1814 1642 1869 eius
1654 1817 1779 1872 cuchari·

137 1887 226 1955 pressi
245 1886 351 1941 indiciis
368 1893 476 1956 recepta
495 1886 623 1956 quiqirain
640 1888 647 1918 ¹
664 1883 862 1941 communionis
874 1899 931 1952 gra·
981 1886 1042 1941 stia.
1060 1884 1088 1939 Si
1103 1884 1292 1953 supervixerit,
1313 1893 1517 1939 commoneatur
1533 1898 1548 1937 a
1564 1884 1778 1954 supradictistc·

139 1955 177 2010 tia
190 1956 385 2022 convaluerint,
400 1970 538 2012 servemus
551 1957 578 2012 in
592 1956 642 2021 eis,
657 1956 728 2027 quod
741 1954 835 2009 Niccni
849 1968 931 2011 cano·
981 1957 1067 2012 stibus
1079 1956 1217 2024 petitionis
1230 1970 1295 2011 suae
1315 1953 1480 2019 satisfactio,
1500 1963 1528 2008 et
1547 1956 1681 2011 subdatur
1695 1966 1780 2013 stati:-

137 2039 186 2081 nes
198 2027 366 2091 ordinarunt,
387 2036 417 2081 nt
432 2027 583 2082 habeantur
593 2028 664 2082 inter
677 2025 746 2090 illos,
765 2027 812 2094 qui
830 2025 857 2079 in
870 2040 931 2080 ora·
982 2035 1038 2082 tiriu
1050 2027 1233 2096 poenitentiae
1247 2034 1363 2095 tempus,
1374 2025 1501 2094 quamdiu
1512 2026 1648 2092 sacerdos,
1660 2029 1708 2097 qui
1717 2042 1780 2097 poe·

135 2094 209 2152 tione
233 2097 290 2152 sola
313 2096 521 2160 conriiiunicant,
546 2097 631 2154 donee
651 2096 794 2166 impleatur
814 2095 930 2165 spatium
981 2097 1122 2152 nitentium
1139 2097 1222 2159 dedit,
1238 2095 1402 2166 probaverit.

137 2168 265 2292 fempgris
276 2166 377 2222 eisdem
390 2183 460 2237 prae
471 2167 559 2221 titum.
1017 2167 1078 2221 itt.
1094 2165 1128 2220 b't
1143 2169 1300 2238 poenitentes
1313 2183 1364 2219 iron
1385 2183 1413 2220 se
1433 2165 1540 2220 credent
1561 2165 1713 2234 absolutas,
1728 2171 1778 2224 iu'si

172 2237 186 2290 f
226 2237 287 2291 ,lle
299 2238 468 2291 catecuminis
490 2254 542 2292 ueri
562 2238 766 2308 praetereundis.
786 2236 840 2292 Nec
858 2245 931 2294 rate-
979 2254 1026 2308 per
1044 2254 1138 2292 marius
1158 2239 1359 2309 impositionem.
1379 2236 1551 2290 Paenitentes
1562 2239 1608 2305 qui
1623 2239 1650 2293 in
1666 2238 1779 2295 infirmi·

136 2307 237 2365 sumini
249 2308 438 2388 praetereundi
451 2316 528 2373 sunt,
553 2309 615 2378 quia
631 2323 683 2364 non
701 2317 742 2363 est
756 2323 837 2363 rausa
851 2308 931 2364 dissi·
982 2316 1037 2362 tate
1047 2307 1175 2362 uiaticum
1190 2306 1371 2361 eucharistiae
1383 2307 1536 2376 acceperint
1548 2308 1573 2369 ¹,
1595 2325 1649 2363 nun
1671 2324 1702 2365 se
1722 2326 1779 2366 cre-

136 2377 216 2443 milis,
237 2383 307 2434 sieut
328 2377 408 2432 iideni
429 2377 514 2434 sancti
533 2393 651 2433 canones
672 2379 874 2433 ordinarer-unt.
897 2378 929 2434 lli
980 2378 1046 2432 dant
1065 2377 1203 2433 absolutos
1226 2377 1285 2433 sine
1312 2393 1408 2432 inanus
1430 2377 1619 2447 impositione,
1639 2379 1663 2435 si
1686 2395 1779 2452 supcr-

136 2448 312 2525 qsiquolibet
333 2448 412 2503 modo
430 2447 584 2513 Christum,
607 2463 687 2517 quem
708 2448 791 2504 semel
814 2449 930 2505 confessi
979 2448 1106 2504 riserint.

136 2527 222 2585 sunt„
233 2517 393 2583 abiurarint,
410 2519 497 2574 tribus
518 2519 597 2573 annis
618 2519 689 2572 inter
709 2520 848 2574 audientes
865 2519 928 2582 sint,
1016 2518 1077 2573 tte.
1093 2518 1131 2572 De
1146 2518 1390 2589 poenitentibusqai
1406 2527 1545 2588 arithuam
1563 2518 1632 2590 leues
1645 2521 1778 2592 poeniteu-

136 2596 269 2660 ctpostea
282 2600 342 2642 cum
363 2588 540 2643 catecuminis
557 2589 749 2657 permittantur
770 2604 858 2653 orare,
883 2604 931 2659 per
980 2589 1229 2660 tioeeaaequantur,
1245 2593 1266 2644 si
1283 2606 1345 2642 casu
1359 2589 1386 2642 iar
1400 2588 1540 2642 itinerecel
1555 2590 1665 2644 inmari
1680 2594 1776 2647 martiii

136 2675 232 2715 manus
244 2657 442 2726 impositionem
453 2658 649 2714 communionis
659 2658 808 2716 catholicae
817 2661 929 2729 gratiam
980 2658 1087 2728 fueriur.
1102 2660 1284 2723 l'oerritcntes,
1295 2660 1341 2728 qui
1351 2668 1494 2726 antequam
1510 2657 1583 2742 leges
1595 2661 1777 2729 poenitentiae

136 2729 281 2817 recepturi.
979 2738 1178 2799 exsequantur,
1202 2731 1225 2784 si
1246 2745 1310 2785 casu
1324 2730 1350 2783 in
1371 2729 1468 2784 itinere
1483 2728 1524 2783 iel
1537 2746 1564 2784 ιιι
1586 2731 1656 2786 mari
1677 2734 1776 2788 mortni

172 2799 233 2854 lab.
250 2797 284 2853 Ut
296 2800 341 2870 qui
351 2799 535 2869 poenitentiam
546 2798 664 2870 publicae
676 2809 779 2870 perurat,
793 2817 845 2855 urio
860 2817 930 2855 anuo
980 2798 1095 2863 fuerint,
1120 2800 1165 2854 uiri
1188 2800 1228 2855 eis
1251 2799 1378 2855 sacerdos
1402 2800 1546 2857 sulircnire
1570 2816 1625 2856 riou
1648 2803 1776 2871 patuerit,

135 2886 195 2925 cum
206 2869 291 2924 cilicio
307 2870 359 2924 ant
372 2870 441 2924 inter
451 2868 595 2924 audientes.
611 2868 662 2936 Qui
675 2871 869 2939 poenitentiam
883 2888 931 2940 pu·
980 2871 1111 2925 memoria
1135 2884 1229 2925 eorum
1243 2880 1271 2925 et
1284 2871 1452 2926 orationibus
1470 2877 1494 2925 et
1509 2869 1694 2929 oblationibus
1707 2889 1778 2931 cour-

135 2941 205 2997 bliee
218 2948 323 3011 gerunt,
344 2940 442 2994 debeat
457 2955 539 2993 unum
553 2954 654 2994 annum
677 2955 737 2997 esse
757 2957 819 2997 cuin
841 2941 931 2998 illicio
980 2941 1132 2996 mentietur.

135 3011 206 3067 inter
224 3010 371 3073 audientes,
386 3008 429 3064 vel
443 3010 574 3081 usquead
587 3026 713 3081 magnum
729 3011 810 3076 diem,
831 3021 857 3066 et
876 3027 926 3081 po·
1016 3010 1077 3065 itt-3.
1101 3011 1139 3065 fle
1162 3009 1218 3064 foco
1244 3012 1461 3066 auriculariorum
1481 3009 1520 3064 eei
1540 3011 1670 3080 aedificiis
1694 3015 1778 3085 prori-

134 3081 206 3153 pulo,
226 3080 334 3151 quando
349 3080 434 3135 intrat
455 3079 482 3134 ia
504 3078 655 3144 ecclesiam,
678 3082 778 3150 perliisi
801 3058 963 3154 lacrymisC

133 3153 240 3208 reniam
257 3151 393 3220 postulare
405 3150 563 3221 precarique
581 3166 643 3205 euni
660 3152 807 3217 linrniliter‚
828 3161 858 3207 ut
879 3169 927 3223 pro

133 3222 175 3278 eis
190 3222 315 3293 dignetur
330 3235 419 3276 orare.
436 3220 535 3276 Tribus
552 3235 616 3277 vcro
628 3223 707 3278 annis
719 3223 876 3279 subiaceant
887 3224 928 3279 in-

133 3301 177 3348 ter
197 3291 364 3363 poenitentes
385 3291 511 3346 manibus
527 3293 697 3347 sacerdotum
721 3293 748 3348 in
771 3293 831 3349 foco
855 3304 927 3351 retro

133 3361 203 3418 ustio
218 3361 348 3417 ecclesiae
364 3361 565 3431 poenitentibus
585 3362 742 3428 constituto,
755 3372 782 3418 et
793 3379 925 3430 seorsum,

134 3432 203 3487 infra
219 3432 305 3502 ipsam
319 3441 408 3486 tamen
422 3432 573 3497 ecclesiam,
594 3433 698 3490 secluso
713 3434 812 3503 populo
827 3442 926 3501 tamen,

135 3503 188 3557 iaia
199 3519 251 3558 non
263 3502 290 3557 in
303 3509 402 3557 terrain
410 3504 549 3571 prostrati,
557 3503 604 3557 scd
613 3503 687 3559 vultu
701 3513 728 3558 et
739 3505 826 3574 capite
840 3506 929 3560 humi·

134 3572 210 3638 liato,
223 3571 362 3628 humiliter
374 3579 401 3626 et
415 3586 448 3626 ex
458 3572 548 3636 corde,
563 3582 592 3627 at
606 3588 687 3642 supra
700 3573 802 3630 dictuin
815 3583 866 3639 est,
881 3590 928 3629 re-

135 3643 208 3698 niam
224 3640 360 3713 postulent
381 3649 408 3694 et
428 3656 617 3711 prosecrare
639 3653 795 3712 exposcant.
819 3646 928 3701 Duabus

134 3713 217 3773 etiam
230 3710 465 3768 annisoblationes
485 3712 571 3767 modis
587 3713 713 3769 oninibus
731 3729 784 3770 noir
805 3716 928 3771 surantur

134 3782 248 3848 efferre,
269 3782 316 3838 sed
330 3781 434 3851 populis
447 3784 632 3838 tantummodo
645 3783 672 3836 in
685 3785 807 3841 oratioue
820 3788 926 3844 sicien-

136 3863 189 3918 tur,
204 3861 233 3907 ut
247 3851 437 3922 perlectionem
451 3851 564 3921 septimo
582 3853 609 3909 in
630 3869 713 3910 coena
733 3856 838 3911 Donriui
863 3874 928 3914 cou-

134 3932 281 3994 sequantur
290 3937 370 3986 anno,
384 3922 411 3976 id
424 3932 464 3978 est
475 3937 523 3993 per
535 3923 652 3996 episcopi
672 3925 712 3979 rcl
731 3927 790 3982 eius
801 3928 884 3992 iussu,
905 3929 927 3984 si

136 3995 192 4065 ipse
202 3996 286 4056 abest,
303 3993 417 4048 aliorum
428 3993 597 4049 sacerdotum
609 4010 704 4049 manns
715 3996 925 4066 impositionem,

134 4065 306 4120 absolutione
316 4064 522 4119 sacerdotalium
533 4076 669 4134 praecum,
677 4069 874 4124 communionis
886 4086 928 4126 ea-

134 4136 250 4192 tholicae
261 4135 374 4218 gratiam
387 4135 530 4204 recepturi.
548 4133 668 4201 Qualiter
684 4146 780 4208 septem
798 4157 926 4194 citriorum

133 4207 290 4277 poenitentia
304 4214 407 4275 apatur.
421 4205 449 4259 ln
463 4205 505 4260 his
516 4219 579 4259 vero
594 4214 695 4275 septem
707 4209 785 4264 annis
797 4210 926 4282 multipli-

134 4275 203 4332 citer
215 4275 332 4340 ieiuniis,
346 4275 523 4340 orationibus,
544 4273 651 4331 fletibus
661 4286 688 4332 ct
700 4278 924 4349 elymosinarum,

135 4353 225 4415 prout
237 4346 334 4400 melius
355 4346 502 4415 potuerint,
524 4347 736 4409 exhibitionibus
755 4359 782 4404 et
800 4350 927 4410 laceraris

979 3079 1082 3135 dandis.
1095 3083 1210 3152 Dignum
1225 3096 1256 3137 ac
1275 3083 1456 3138 necessarium
1476 3088 1527 3146 est,
1548 3090 1578 3135 ut
1599 3083 1677 3139 iuissi
1692 3085 1777 3141 uestri

980 3165 1028 3220 per
1041 3166 1163 3221 quaeque
1177 3151 1234 3206 loca
1250 3152 1344 3207 directi
1364 3152 1444 3208 simul
1460 3167 1521 3206 cirui
1536 3151 1673 3235 episcopis
1687 3156 1777 3211 nnius·

980 3220 1110 3292 cuiusque
1122 3222 1237 3278 diocesis
1249 3224 1413 3294 perspiciant
1426 3222 1484 3278 loca
1494 3231 1723 3281 monasteriorum
1737 3241 1777 3281 ca·

980 3293 1139 3347 aonicorirnr
1152 3295 1253 3363 pariter·
1266 3301 1293 3348 ct
1308 3294 1500 3348 irronaelrorum
1516 3293 1695 3364 similiterque
1707 3296 1778 3366 puel·

980 3364 1077 3425 lamni,
1091 3363 1113 3417 si
1128 3363 1155 3417 in
1169 3372 1232 3433 apto
1246 3372 1273 3419 et
1284 3364 1311 3418 in
1325 3379 1445 3434 congruo
1457 3363 1516 3418 loco
1537 3363 1590 3418 sint
1609 3367 1716 3445 posita,
1733 3366 1777 3421 irbi

981 3434 1151 3490 commodum
1172 3434 1354 3489 necessarium
1376 3434 1463 3504 possit
1481 3433 1492 3464 ²
1510 3435 1634 3503 adquiri,
1658 3439 1731 3506 quod
1744 3438 1776 3490 ad

980 3504 1125 3559 utilitatem
1144 3504 1260 3572 pertinet
1280 3505 1524 3568 monasteriorum,
1546 3505 1617 3562 sicut
1636 3507 1664 3561 in
1684 3517 1774 3562 saneta

980 3575 1073 3646 regula
1085 3573 1196 3629 dieitur:
1211 3574 1400 3629 dfoirasteiium
1412 3585 1498 3628 autem
1509 3575 1545 3629 ita
1556 3575 1630 3630 debet
1641 3578 1774 3639 cotistitiii,

980 3655 1008 3698 ut
1027 3645 1116 3698 umida
1135 3645 1280 3699 ireccssuriu
1300 3645 1370 3715 iufra
1390 3646 1576 3699 moirusterium
1593 3658 1773 3711 exerceantur,

980 3725 1008 3768 ut
1029 3731 1082 3769 narr
1102 3715 1135 3769 sit
1156 3716 1295 3769 necessitas
1315 3715 1449 3769 riionacfris
1464 3727 1477 3754 t
1494 3715 1531 3769 uel
1543 3715 1643 3771 clericis
1666 3718 1775 3788 sapaudi

981 3786 1063 3855 foras,
1075 3785 1137 3855 quia
1148 3788 1254 3840 oirrniiio
1272 3803 1322 3840 noir
1334 3785 1435 3855 erpcdit
1451 3785 1588 3839 iirriiuobus
1609 3803 1712 3841 eortina
1735 3787 1775 3842 Si-

980 3855 1082 3910 militer
1093 3870 1200 3924 quoque
1216 3855 1416 3911 aedificationes
1436 3856 1663 3911 ruoiiastcriuruiu
1682 3872 1775 3926 supru-

980 3925 1046 3981 dicti
1061 3926 1136 3980 missi
1149 3936 1176 3980 et
1190 3941 1251 3980 eum
1265 3943 1305 3980 ets
1317 3925 1434 3996 episcopi
1449 3940 1498 3995 per
1509 3925 1615 3981 dirersa
1630 3928 1690 3982 loca
1702 3942 1773 3997 prae·

980 3996 1097 4059 rideant,
1111 3996 1133 4051 si
1150 4005 1228 4064 aptae
1242 3996 1296 4052 siut
1309 4007 1335 4050 et
1348 4006 1528 4065 coirgrncnter
1546 4013 1559 4050 s
1576 4007 1658 4052 nctae
1671 3998 1772 4068 profes·

981 4065 1049 4122 sioni
1071 4068 1245 4135 corripusitae,
1261 4067 1303 4120 rel
1321 4067 1344 4122 si
1365 4067 1512 4121 claustrum
1527 4066 1634 4121 hrnruni
1648 4069 1773 4130 liaficant,

981 4136 1008 4190 in
1022 4152 1074 4205 qno
1091 4137 1189 4190 saliari
1203 4137 1308 4206 possint
1330 4138 1436 4191 animae
1455 4137 1481 4190 iir
1496 4137 1536 4189 cis
1547 4140 1773 4194 comirioraiitiuiii

981 4208 1031 4261 sub
1044 4207 1184 4276 disciplina
1201 4208 1330 4263 cairuiiica
1349 4208 1391 4262 rel
1410 4207 1535 4291 reginari.
1557 4206 1608 4262 Ubi
1622 4217 1713 4263 autern
1728 4209 1773 4262 ali·

981 4286 1024 4332 ter
1044 4277 1152 4331 inserita
1172 4278 1282 4341 fuerint,
1307 4280 1358 4332 hoe
1377 4279 1539 4332 onmuuoilis
1559 4279 1706 4349 episcopiis
1725 4279 1772 4334 loct

982 4348 1067 4417 ipsius
1079 4346 1159 4402 faeiat
1172 4349 1320 4413 emendari,
1341 4349 1378 4403 ita
1392 4357 1421 4402 ut
1434 4349 1595 4418 condignam
1613 4350 1772 4418 prefessioni

134 4415 290 4486 persistant.
309 4415 390 4470 Eine
405 4416 516 4471 ulterius
527 4416 567 4471 eis
580 4416 642 4472 talia
661 4419 818 4490 contingant
832 4410 925 4478 adino·
941 4420 1073 4480 Deorum
1084 4417 1233 4473 custodiam
1254 4418 1369 4473 babeant
1388 4420 1511 4474 canonici
1526 4419 1566 4473 rel
1587 4421 1713 4475 nmnachi
1734 4436 1773 4474 at·

135 4486 199 4539 ilum
212 4494 335 4550 careant,
349 4486 454 4541 (liceum
466 4485 595 4543 Domine:
617 4484 686 4541 Vade
703 4498 728 4543 et
743 4490 854 4561 amplius
872 4492 925 4547 noli

152 4571 250 4608 eccers.

135 4571 152 4626 p
171 4623 232 4679 tel.
246 4624 285 4679 De
297 4625 486 4693 poenitentibus
504 4627 749 4698 trauspressoia'bas.
771 4628 806 4684 Ut
824 4631 866 4697 lii,
881 4635 927 4702 qui

135 4694 269 4764 frequenti
289 4694 517 4764 praevaricatione
537 4706 646 4766 peccata
668 4699 710 4752 rel
734 4701 927 4769 poenitentiam

136 4767 244 4831 iterant,
260 4764 394 4833 frequenti
418 4766 560 4830 sententia,
586 4767 638 4822 nisi
654 4782 703 4838 per
715 4768 926 4828 satisfactionem

135 4851 204 4906 qaae
213 4834 389 4905 praevaricati
404 4842 467 4889 sunt
480 4836 623 4892 emendare
636 4839 766 4905 nitantur,
781 4856 925 4898 coercean-

108 4957 111 4965 ,
136 4916 181 4961 tur
192 4905 234 4961 iel
247 4906 468 4971 condemnentur,
484 4914 514 4961 ut
528 4907 604 4971 haec,
619 4924 687 4977 quae
704 4911 854 4967 voluntarie
873 4931 925 4968 non

136 4977 281 5041 diluerunt,
297 4976 373 5030 inriti
381 4977 533 5033 emendent.
545 4976 622 5044 Quod
633 4980 656 5035 si
669 4980 711 5034 liis
720 4981 817 5050 aliquis
832 4999 927 5038 renue-

136 5048 172 5103 rit
184 5055 211 5104 et
225 5046 374 5118 praeceptis
398 5047 439 5102 sui
461 5049 608 5104 sacerdotis
626 5049 784 5106 inobediens
797 5068 926 5123 apparue-

136 5117 182 5183 rit,
204 5118 351 5175 secundnm
374 5120 482 5173 nioilum
502 5119 596 5202 culpae
616 5123 874 5178 excommunicetur.
897 5126 925 5180 Si

136 5190 196 5259 quis
214 5198 302 5243 autern
316 5188 359 5244 his
370 5197 433 5244 ante
445 5190 692 5247 reconciliationem
705 5200 732 5247 et
743 5207 836 5247 corum
851 5196 927 5251 satis

978 4504 1035 4570 que·
1045 4503 1193 4554 nonnanes,
1205 4504 1238 4543 ne
1247 4489 1326 4543 detur
1334 4491 1374 4544 cis
1384 4489 1491 4544 occasio
1500 4487 1691 4556 maleficiendi,
1703 4490 1772 4560 quod

979 4561 1076 4684 stiffi.
1091 4627 1126 4682 ite
1138 4630 1250 4700 episcopi
1264 4629 1358 4695 sciant,
1371 4628 1483 4700 qualiter
1499 4631 1635 4696 rameruci,
1651 4631 1697 4701 qui
1714 4640 1772 4685 surii

978 4716 1037 4755 cum
1052 4698 1197 4765 abhatibus,
1211 4701 1305 4754 ciuem.
1326 4699 1518 4768 Praecipimus,
1537 4711 1567 4755 ιιι
1586 4701 1772 4771 unusquisque

978 4771 1119 4842 episcopus
1131 4770 1197 4824 sciat
1209 4783 1258 4839 per
1270 4770 1374 4840 singula
1386 4771 1561 4835 monasteria,
1573 4782 1691 4840 quantos
1702 4773 1772 4841 quis·

978 4857 1030 4912 que
1042 4840 1112 4895 abba
1126 4839 1270 4896 canonicos
1283 4841 1310 4894 in
1322 4841 1486 4897 monasterio
1497 4856 1546 4897 suu
1557 4842 1668 4897 babeat.
1680 4841 1713 4896 Et
1723 4844 1772 4895 froc

977 4913 1088 4969 omnino
1097 4911 1176 4965 ambo
1188 4911 1289 4980 pariter
1301 4911 1467 4980 provideant,
1478 4912 1530 4965 ut*
1544 4913 1568 4966 si
1580 4912 1706 4967 monachi
1716 4910 1771 4966 ficri

978 4981 1130 5062 soluerint,
1136 4982 1296 5052 regulariter
1306 4982 1411 5048 virant3
1424 4982 1578 5049 sinautem,
1591 4985 1722 5039 canonice
1735 4981 1771 5035 si·

979 5063 1427 5192 vaiiim&iniustitiarr'chrisme
1449 5120 1590 5193 dilipeiiter
1613 5122 1768 5178 custodiant.

980 5193 1126 5250 Presbiteri
1138 5194 1188 5248 sub
1202 5192 1290 5264 sigillo
1303 5193 1456 5250 custodiant
1469 5194 1588 5251 chrisma
1600 5203 1628 5250 et
1640 5193 1706 5250 nulli
1722 5190 1768 5248 iub

748 5325 945 5387 vanitates
963 5325 1166 5386 iectioxsssr

136 5436 315 5510 ¹qnidemG.
352 5437 584 5508 ¹aecepcmntll.
623 5438 673 5494 ἐ.
688 5453 720 5493 ac
733 5454 761 5493 n.
775 5447 869 5509 posset
885 5437 918 5495 G.
956 5436 1096 5494 tueare.

878 5547 994 5606 NOTAE.

172 5676 187 5709 ι
211 5661 253 5720 i'et
267 5665 367 5743 clericis
379 5665 541 5722 Benedictus
554 5665 587 5720 dc
601 5679 650 5720 suo
663 5664 776 5719 addidit.
