3826 6112
66 204 119 260 ΓΠ

434 204 548 264 cubex
567 205 826 266 Dlphfflld'flCUS.
842 240 877 251 -
889 211 1129 272 captabulum.
1142 246 1175 255 -
1185 215 1235 270 tls.
1255 214 1315 271 tat.

1636 213 1693 270 lib

65 319 95 373 llt
106 328 139 372 ιιι
150 331 163 359 ¹
176 316 265 374 scolae
282 319 297 359 ¹³
311 317 454 388 legentium
465 333 609 395 pueromm
621 319 695 380 liant.
719 320 848 386 Psalmos,
862 326 888 384 Α
902 325 1020 380 nasterio
1031 326 1151 390 veniunt,
1165 341 1217 381 non
1233 326 1325 380 statim
1338 323 1412 380 locas
1425 325 1459 379 ad
1471 324 1619 380 ntiuisteria
1631 341 1690 381 mo·

63 418 176 473 ‘notas
195 418 299 471 cantus,
313 409 325 447 ἃ
337 417 501 477 compotum,
513 411 714 478 grammaticam
730 427 779 480 per
795 413 850 466 sin-

62 499 122 567 gola
138 501 304 554 monasteria
322 500 364 554 rel
376 502 511 570 episcopia
526 505 545 564 ¹,
560 510 588 556 et
605 502 687 557 libros
704 503 849 559 catholicus

62 587 131 640 bcne
159 589 437 657 emendatos¹3quia
466 604 545 658 saepe
571 591 634 644 dum
659 591 849 662 benealiqui³

62 677 148 731 licum
159 693 257 747 rogare
273 679 393 748 cupiunt,
412 680 458 734 sed
475 695 523 749 per
545 682 729 737 inemendatos
743 684 849 739 libros*

62 768 132 824 male
149 779 257 839 rogant.
271 770 304 824 Et
320 782 331 809 ι
350 786 448 839 pueros
462 780 565 827 rcstms
583 789 636 827 uon
658 775 737 830 sinite
750 777 851 832 costel

61 855 173 924 legendo
195 857 237 911 rel
262 860 403 913 scribendo
420 875 600 929 cormmperc.
626 862 659 915 Et
681 864 703 917 si
727 879 794 933 opus
809 874 850 920 est

60 945 233 1014 euangelium
256 946 411 1015 psalterium
430 956 456 1003 et
485 949 595 1004 missale
617 952 744 1014 scribere,
763 954 851 1021 perie-

60 1041 120 1089 clae
132 1036 231 1089 aetatis
247 1036 369 1091 botnines
386 1039 505 1093 scribant
516 1055 577 1093 cum
594 1043 666 1095 ontni
681 1043 815 1108 diligentia
828 1045 849 1096 ³.

95 1126 298 1183 ὃιαιιιιτιιιι
310 1129 329 1182 ⁸.
343 1130 430 1184 -ta
445 1131 564 1202 Simulat
577 1134 628 1187 hoc
641 1149 735 1202 rogare
747 1137 852 1190 curari-

58 1233 132 1281 mus,
147 1225 178 1271 ut
188 1233 283 1274 omnes
295 1220 457 1290 ubicumque
476 1223 520 1292 qui
535 1238 564 1277 sc
578 1232 638 1277 voto
654 1223 663 1261 t
679 1227 851 1280 monachicae

58 1309 132 1362 ritae
155 1310 394 1376 constrinxerunt,
411 1314 591 1368 ⁸monachice
615 1323 642 1367 et
668 1315 849 1384 regulariter⁷

57 1398 224 1453 omnimodis
235 1400 382 1454 secundum
396 1409 487 1454 rotum
498 1417 576 1455 suum
590 1403 690 1467 ritant,
704 1405 849 1458 secundum

58 1489 132 1556 quod
146 1488 333 1557 scriptumest
348 1509 354 1545 :
374 1489 439 1546 Vota
462 1502 547 1548 oestro
562 1492 660 1547 reddite
679 1495 784 1548 domiuo
798 1494 851 1548 Deo

901 413 1012 467 nasterii
1024 413 1166 468 mittantur
1177 423 1319 482 antequam
1334 414 1406 468 intus
1419 414 1486 468 benc
1498 415 1506 452 t
1520 413 1689 470 erudiantur.

900 503 934 557 Et
947 511 975 557 nt
989 505 1111 559 monachi
1129 506 1162 559 ad
1182 504 1328 559 saecularia
1341 505 1438 574 placita
1452 521 1504 559 uon
1524 506 1633 559 radant.
1647 504 1690 560 Si·

900 594 1000 648 militer
1011 596 1056 663 qni
1070 597 1103 649 ad
1115 596 1135 626 ¹⁰
1148 595 1302 649 clericatum
1315 594 1484 657 accedunt¹¹,
1494 594 1565 662 quod
1578 609 1627 650 uos
1639 610 1690 651 no·

900 687 1035 740 minumus
1046 687 1201 741 canonicam
1220 688 1312 751 titan,
1327 686 1450 740 uolumus
1468 695 1497 738 ut
1510 685 1546 738 illi
1561 686 1690 740 canonice

900 775 1045 830 secuudum
1058 791 1134 830 suana
1150 776 1268 846 regulam
1287 775 1448 831 omnimodis
1463 776 1569 839 ritant,
1583 783 1611 829 et
1630 776 1690 843 epi-

901 881 998 934 scopus
1010 880 1104 921 comm
1120 875 1195 935 regat
1207 867 1298 930 titum,
1312 865 1382 920 sicut
1392 866 1474 920 abbas
1485 866 1687 919 monachorum.

935 953 1063 1010 Ouutaus.
1076 956 1166 1010 -75,
1187 955 1222 1011 Ut
1243 955 1370 1023 aequales
1389 969 1529 1008 mensuras
1550 961 1578 1008 ιι
1590 963 1689 1019 rectas,

900 1055 927 1102 et
937 1049 1054 1116 pondera
1068 1048 1137 1101 iusta
1153 1056 1180 1101 et
1193 1047 1313 1115 aequalia
1335 1061 1429 1102 omnes
1443 1045 1569 1109 habeant,
1590 1045 1646 1099 sit-e
1661 1045 1689 1098 in

900 1137 1063 1202 civitatibus,
1078 1138 1134 1191 sire
1152 1137 1180 1190 in
1202 1136 1382 1198 monasteriis,
1394 1135 1450 1189 sire
1470 1135 1503 1189 ad
1523 1132 1639 1188 dandum
1661 1133 1690 1187 in

900 1227 1031 1291 illis,sire
1049 1228 1084 1282 ad
1105 1226 1303 1295 accipiendum,
1325 1225 1393 1280 sicut
1413 1233 1439 1278 ct
1459 1225 1486 1277 in
1507 1223 1565 1292 lege
1583 1221 1689 1278 bomini

900 1323 1070 1384 pracceptum
1094 1316 1233 1370 babemus.
1254 1314 1320 1369 ltem
1341 1313 1368 1368 in
1394 1313 1552 1377 Salamonc,
1576 1312 1689 1366 Domino

901 1409 1005 1464 dicente
1018 1409 1049 1461 ¹¹:
1065 1406 1172 1462 Pondus
1185 1419 1208 1462 et
1221 1407 1331 1477 paudus,
1344 1421 1491 1460 metretarum
1504 1414 1527 1458 ct
1540 1418 1689 1458 utentutaut

901 1496 954 1549 odit
968 1497 1056 1549 artima
1074 1512 1141 1550 uteo.

57 1586 153 1630 utro.
167 1577 202 1632 Et
215 1578 314 1633 itemtn
327 1597 334 1632 ε
351 1579 445 1634 lietius
456 1591 493 1634 est
507 1598 559 1635 uon
571 1599 670 1648 uouere,
686 1587 785 1654 quum'·
799 1601 849 1638 arou
935 1585 1054 1642 Ouutuus
1066 1587 1134 1641 ¹⁸.-
1147 1587 1190 1640 ll.
1205 1586 1238 1640 Et
1251 1586 1302 1641 boc
1315 1585 1392 1640 nobis
1408 1591 1554 1651 conpetens
1566 1588 1593 1635 ct
1605 1593 1687 1633 ιιιιι-

59 1667 178 1720 reddere.
194 1668 228 1723 Et
244 1678 273 1723 ut
291 1670 326 1726 ad
347 1673 512 1726 monasteria
531 1674 678 1738 uenientes,
701 1675 847 1729 secundum
866 1678 983 1738 meilc
995 1678 1108 1742 ridetur,
1128 1676 1177 1732 uti
1200 1677 1328 1746 hospites,
1349 1674 1491 1745 peregrini,
1509 1682 1689 1742 etpanperes,

57 1756 211 1826 regularem
224 1760 344 1815 ordinem
366 1762 453 1830 primo
466 1763 493 1816 in
505 1762 519 1802 ¹¹
531 1762 678 1832 pulsatorio
691 1766 847 1833 probentur,
900 1770 1083 1837 susceptiones
1096 1768 1232 1839 regulares
1245 1775 1272 1822 et
1291 1766 1433 1822 canonicas
1447 1779 1495 1834 per
1508 1763 1566 1818 loca
1579 1761 1685 1818 diversa

55 1858 85 1902 ct
96 1849 140 1903 sic
150 1849 316 1918 accipiantur
326 1851 348 1904 ⁸.
362 1852 395 1906 Et
415 1853 461 1922 qui
474 1869 507 1908 ex
520 1853 633 1908 seculari
647 1854 740 1909 habitu
753 1856 780 1909 in
792 1871 849 1911 mo·
902 1858 1018 1912 habeant
1035 1872 1042 1910 :
1058 1857 1121 1926 quia
1138 1857 1196 1925 ipse
1209 1856 1338 1910 Dominus
1351 1855 1473 1910 dicturus
1486 1852 1538 1906 erit
1558 1851 1585 1905 in
1598 1862 1689 1902 remu-

666 1965 862 2021 vuututtttas
880 1967 1079 2023 ascalonus.

93 2075 275 2129 'ediscant
289 2074 374 2129 sedet
386 2074 418 2127 B.
464 2077 512 2128 ἰ.
527 2077 642 2131 habeant
655 2090 682 2144 q.
698 2074 730 2128 B.
784 2075 908 2145 ‘aliquid
921 2077 947 2131 ἲ.
965 2077 998 2129 B.
1054 2077 1197 2131 ‘librisl
1249 2075 1554 2143 'bicdeticttcodcxlh
1593 2072 1687 2126 ‘deest

57 2145 84 2199 l.
124 2144 306 2212 'regulariter
324 2144 350 2196 l.
387 2144 440 2212 ⁸q.
454 2155 516 2199 vota
534 2162 587 2200 non
601 2161 623 2198 r.
635 2146 661 2199 4.
676 2160 703 2214 q.
717 2160 813 2200 vovere
827 2155 917 2200 ctnon
931 2163 954 2200 r.
967 2146 999 2199 B.
1049 2142 1486 2215 'capiant2,l;rccipiatt;urli.
1537 2143 1558 2174 ¹⁰
1578 2158 1600 2197 s.
1618 2142 1690 2210 quod

57 2214 85 2269 l.
128 2212 291 2268 ”accedant
312 2212 337 2265 l.
377 2213 476 2269 ¹’item
481 2254 535 2268 .....
554 2214 822 2270 habemusdesuuti.
862 2216 1006 2271 ¹⁸deestl.

811 2317 927 2387 NOTAE.

95 2441 167 2496 nita
205 2438 332 2495 acarolo
352 2456 416 2496 cura
442 2448 500 2495 erat
517 2440 551 2494 de
575 2440 671 2495 studiis
686 2440 849 2495 litterarum.
904 2442 987 2499 relert
998 2459 1059 2499 eum
1079 2445 1164 2500 Roma
1179 2443 1359 2498 discedentem
1382 2456 1453 2495 anno
1464 2439 1515 2493 787
1531 2454 1622 2494 secum
1635 2441 1688 2494 tiu-

55 2514 152 2582 ltaque
203 2525 254 2579 pus
265 2508 445 2565 ferrariensis
459 2510 598 2579 inepist.l
615 2512 683 2564 hunc
700 2510 725 2562 ei
737 2510 850 2578 gloriam
904 2516 976 2568 nisse
999 2524 1119 2569 cantores
1137 2513 1353 2568 Romanorumet
1383 2510 1687 2578 commaticotrteritiuui-

57 2583 156 2638 tribuit
172 2587 204 2635 ut
219 2579 306 2634 studia
322 2579 472 2633 litterarum
497 2594 616 2648 pereum
630 2587 716 2648 carpta
736 2579 788 2635 sint
807 2595 851 2633 ιι
902 2600 958 2637 moa
970 2594 995 2637 ct
1008 2583 1187 2640 calculatores.
1209 2580 1331 2652 Capitnla
1377 2580 1465 2633 alterii
1485 2579 1687 2634 Aurelianensis

57 2650 176 2707 vooeri:
195 2647 387 2712 «Collinam,
406 2649 502 2716 inquit,
523 2664 555 2704 0⁰
574 2647 779 2717 usqucdeierre
804 2650 849 2703 de·
902 2668 932 2707 ca
955 2693 961 2706 .
989 2652 1033 2707 ἢ
1060 2651 1094 2706 tu
1115 2669 1202 2706 omnes
1224 2652 1365 2721 presbyteri
1394 2647 1540 2702 calculandi
1567 2650 1687 2718 peritiam

901 2667 1027 2786 induant,
1047 2732 1145 2775 etratus
1159 2722 1187 2774 iu
1209 2720 1321 2790 idipsum
1339 2719 1453 2774 studiose
1467 2717 1599 2770 erudiant.
1620 2718 1687 2772 llidc

900 2789 1052 2847 Chronicon
1079 2790 1282 2845 Fontanellcnse
1309 2804 1368 2857 cap.
1387 2786 1435 2849 th,
1462 2787 1489 2840 in
1507 2795 1580 2840 torno
1608 2787 1688 2840 tertio

900 2858 1039 2983 §picilegii
1066 2858 1237 2923 bucheriani,
1252 2867 1279 2912 et
1305 2867 1383 2913 notas
1401 2856 1436 2910 ad
1464 2856 1639 2925 lieginoucm,
1656 2871 1686 2925 p.

56 2722 122 2776 hent
131 2728 162 2774 ut
173 2727 303 2773 aetematn
321 2717 345 2771 ei
360 2727 455 2786 parent
475 2719 643 2773 memoriam.
662 2736 671 2768 ι
695 2719 731 2770 lle
755 2718 848 2772 schola

58 2786 274 2846 Paderbomcnsi
300 2789 334 2842 ab
349 2788 407 2869 ipso
428 2788 550 2841 instituta
565 2789 605 2842 sic
622 2787 805 2855 scriptumest
820 2787 847 2843 in

58 2860 122 2916 Vita
137 2857 260 2927 ejusdem
278 2864 365 2911 sancti
381 2856 544 2920 bleinwcrci‚
557 2871 616 2925 cap.
635 2855 691 2910 52:
714 2875 723 2907 ι
743 2856 849 2911 Studio

58 2945 119 2984 rum
136 2926 299 2996 multiplicia
312 2926 363 2982 sub
375 2941 408 2981 eo
422 2925 571 2981 floruerunt
584 2925 720 2988 exercitia,
734 2934 761 2978 et
770 2926 848 2980 bonae

59 2998 156 3054 indolis
165 2995 280 3079 juvenes
286 3006 314 3051 et
325 2997 401 3066 pueri
415 3006 524 3050 strenue
535 2995 744 3050 instituebantur
753 3010 847 3049 norma

59 3067 188 3140 regillam,
200 3065 371 3136 proicientes
388 3064 459 3119 baud
477 3067 595 3135 segtriter
604 3065 630 3117 in
642 3064 779 3118 claustrali
793 3064 847 3118 dis-

104 3137 158 3190 lina
171 3135 346 3204 omniumque
360 3135 510 3189 litterarum
525 3134 657 3189 doctriua.
672 3152 681 3183 ι
705 3132 771 3187 Vide
783 3149 847 3188 eon-

60 3206 153 3261 oiium
169 3205 343 3261 Valentinum
367 3219 408 3268 ιιι,
425 3218 484 3272 cap.
498 3204 546 3265 t8;
568 3203 742 3272 Reginonem,
760 3203 807 3256 lib.
826 3217 845 3267 t,

61 3289 120 3344 fil·
146 3273 211 3337 2⁰7,
230 3282 258 3328 el
270 3273 369 3328 Maderi
391 3272 496 3343 praelat.
519 3273 553 3327 ad
566 3271 718 3326 Chronicon
737 3250 883 3325 Montis-C

62 3343 166 3405 Strati,
186 3343 244 3397 sire
260 3342 391 3396 Lattterbe
423 3357 498 3403 ense,
510 3357 570 3411 pag.
587 3341 613 3395 9.
632 3341 730 3394 Bttuz.

94 3409 305 3467 ⁸S.Boniiacius
313 3358 467 3479 epistrgitt
478 3410 591 3476 Quidam
600 3417 663 3464 sunt
670 3409 792 3463 monachi
800 3424 848 3479 per

62 3481 173 3537 cellulas
185 3489 292 3535 nostras
305 3486 333 3534 et
345 3478 461 3534 iolantes
471 3481 504 3533 ad
518 3479 636 3550 legentes
655 3480 758 3532 litteras
774 3479 848 3533 ordi-

63 3552 115 3606 uati
128 3558 229 3605 sunt.»
246 3549 392 3604 leidradus
403 3549 521 3617 archiep.
538 3548 657 3616 Lugdun.
674 3550 701 3603 in
715 3549 794 3616 epist.
814 3548 847 3602 ad

62 3621 187 3675 &mlum
201 3617 261 3676 ltu
281 3638 291 3670 ι
309 3618 398 3672 liabeo
412 3618 516 3672 scholas
534 3618 673 3679 lectorum,
688 3632 741 3670 non
760 3618 847 3672 solum

80 3688 269 3744 uiolliciomm
288 3688 447 3742 lectionibus
465 3695 633 3750 exercentur,
653 3685 698 3739 sed
720 3688 800 3740 ctiam
819 3688 847 3741 in

63 3705 212 3813 divinorum
230 3757 359 3812 librorum
372 3757 544 3810 meditatione
557 3754 684 3823 spiritalia
698 3757 848 3824 intelligen-

64 3828 106 3883 ιιι
121 3827 229 3883 fructus
246 3834 453 3894 consequantur.
468 3844 477 3877 t
501 3826 566 3879 Vide
585 3825 745 3890 Filcsacum,
759 3826 807 3880 lib.
825 3842 846 3880 tt

65 3897 237 3960 selectorum,
250 3912 311 3976 pag.
326 3893 388 3949 208.
408 3895 446 3948 lo.

96 3966 242 4021 tliutticas
271 3965 404 4018 rrleiicet.
434 3962 583 4017 Ademams
607 3963 632 4016 in
660 3963 720 4016 l'ita
744 3962 844 4030 Caroli,

64 4035 163 4160 can&
179 4036 217 4089 ait
230 4034 375 4089 Adriaoum
395 4047 488 4102 papam
511 4033 536 4086 ei
560 4032 678 4095 dedisse,
700 4032 843 4098 annol87,

67 4124 77 4157 t
130 4104 301 4174 tiphonarios
309 4102 394 4156 sancti
407 4102 540 4171 Gregorii,
555 4117 622 4170 quos
637 4103 692 4170 ipse
707 4110 847 4156 notaverat

66 4175 295 4229 muhammat
317 4172 349 4225 Et
359 4171 438 4240 paulo
454 4180 516 4240 post
542 4186 549 4224 ι
576 4170 698 4225 ‹ilmues
724 4170 846 4226 Franciae

65 4252 186 4299 cantores
202 4243 353 4298 didicemnt
378 4249 468 4295 notam
482 4241 640 4303 Romanam,
666 4256 745 4308 qnam
775 4257 846 4296 nunc

65 4323 155 4368 vocant
187 4321 279 4367 notam
306 4310 486 4366 Franciscam.
505 4329 514 4360 t
534 4311 562 4364 ln
577 4310 757 4363 vetustissimo
777 4309 846 4363 libro

67 4381 309 4443 Sacramentorum,
323 4379 368 4447 qui
379 4386 467 4434 exstat
478 4380 505 4433 in
517 4379 678 4434 bibliotheca
689 4379 845 4432 monasterii

66 4450 356 4520 Compenutenstshaec
373 4450 498 4517 leguntur
509 4449 628 4516 antiquis
645 4449 845 4503 characteribus

68 4523 180 4591 scripta:
201 4518 374 4588 «Gregorius
382 4518 489 4642 lplausui
507 4519 610 4572 meritis
632 4527 659 4571 et
683 4520 790 4571 nomine
805 4518 844 4570 di-

68 4605 136 4657 gnns,
149 4603 287 4642 summum
300 4603 380 4643 ascen

67 4669 146 4713 ιιιιιιι
160 4659 273 4713 Petrum
286 4658 422 4727 priorum,
437 4668 465 4712 et
478 4659 626 4726 composuit
639 4658 709 4711 hunc
722 4657 841 4711 libellum

66 4731 171 4783 nasicae
182 4729 252 4783 artis
266 4727 366 4783 scholae
382 4736 522 4782 cantorum
539 4727 665 4796 paranni
682 4727 839 4781 circulum.»

67 4794 164 4852 Sobolae
176 4805 318 4851 cantorum
343 4797 443 4852 mentio
459 4797 546 4851 estin
569 4796 638 4850 libro
656 4797 843 4850 Sacramento·

67 4880 127 4931 tam,
206 4905 214 4919 .
234 4865 270 4922 63
282 4866 352 4921 Edit.
367 4865 502 4930 lienardi,
516 4875 544 4919 ιι
557 4865 584 4919 in
597 4865 674 4934 epist.
689 4864 702 4917 l
719 4863 845 4918 leidradi

66 4881 307 5005 trcltiefflugdun.
322 4936 355 4990 ad
369 4935 492 4990 Carolum
501 4935 623 5004 llaguum
633 4953 639 4986 :
651 4953 659 4984 t
671 4935 760 4988 liabeo
767 4933 842 4987 sclao·

66 5002 99 5060 bs
114 5020 275 5070 mnarum,
293 5021 326 5058 ιιι
342 5006 438 5073 quibus
454 5005 573 5086 plerique
597 5004 633 5057 ita
647 5010 709 5058 sunt
732 5003 841 5066 eruditi,

65 5084 89 5127 ιι
97 5075 168 5129 alios
180 5075 264 5129 ctiam
274 5075 380 5129 emdire
392 5083 505 5142 possint.
517 5093 525 5124 t
538 5072 616 5127 lubet
627 5073 707 5142 igitur
717 5073 842 5141 princeps

65 5146 143 5213 tuqui
163 5144 316 5198 ministerio
336 5143 461 5199 altarium
478 5143 647 5198 destinantur
670 5150 755 5209 artetp
772 5142 843 5208 psal-

64 5211 128 5268 lendi
140 5219 171 5268 et
187 5210 301 5267 canendi
318 5212 433 5266 discant.
450 5212 490 5268 Ac
506 5226 571 5268 sane
590 5226 712 5278 maguam
730 5210 842 5264 istarum

63 5296 149 5337 rernm
179 5296 275 5338 curam
294 5296 354 5335 eum
376 5282 501 5337 habuisse
528 5282 607 5336 docet
630 5279 798 5348 Egiuhardus
815 5279 841 5332 in

64 5349 118 5407 lita
137 5350 199 5418 ejus
223 5365 231 5404 ε
263 5350 400 5421 tLegendi
428 5366 443 5405 a
475 5365 507 5406 ue
526 5349 656 5420 psallendi
674 5348 843 5418 disciplinam

61 5420 266 5490 dligentissime
277 5419 437 5474 emendavit.
446 5359 514 5474 Ἧιιι
524 5419 595 5473 enim
602 5419 742 5487 utriusque
753 5417 844 5471 admo·

59 5487 120 5543 thtn
133 5490 269 5545 eruditus.
285 5507 295 5540 ι
314 5488 354 5544 lt).

93 5557 106 5596 θ
121 5558 142 5613 Ε
155 5558 293 5613 inhardus
309 5558 337 5612 in
354 5558 416 5613 Vita
431 5556 519 5614 Caroli
533 5556 619 5627 llagni
633 5557 754 5612 Ducebat
767 5566 791 5610 et
804 5573 845 5609 ur·

59 5635 109 5680 tent
121 5629 301 5698 cootptttattdt'.
316 5627 465 5684 hactonus
477 5630 503 5683 in
511 5629 570 5684 loco
578 5628 657 5696 paulo
666 5638 728 5682 autc
738 5627 844 5682 laudato

894 4475 1072 4544 rcposttitnuS,

940 2931 962 2983 1.
975 2930 1014 2984 lo.

937 3001 985 3054 ⁰ld
998 3008 1049 3065 est,
1061 2999 1175 3054 clericos
1188 2998 1214 3051 in
1228 3005 1306 3052 rotate
1316 3005 1407 3049 tenera
1419 2994 1591 3056 constitutos,
1607 3008 1685 3062 quos,

900 3071 1200 3139 compresbyterorum
1226 3066 1377 3134 sumptibus
1394 3065 1543 3123 alerentur,
1570 3063 1686 3117 nutritos

898 3139 1117 3208 presbyterorum
1131 3137 1280 3198 vocabant,
1299 3143 1328 3187 nt
1345 3133 1480 3202 colligitur
1492 3148 1525 3185 ex
1538 3131 1686 3200 Capitulari

899 3209 993 3275 quinto
1006 3207 1095 3261 Caroli
1109 3206 1197 3276 llagni
1210 3205 1305 3258 incerti
1319 3203 1382 3256 anni
1394 3216 1452 3269 cap.
1471 3201 1497 3264 5,
1512 3209 1539 3254 et
1551 3216 1584 3255 ex
1601 3199 1680 3269 Capi-

899 3277 962 3330 tulis
979 3276 1114 3331 llincmari
1134 3276 1175 3328 tit.
1191 3274 1220 3336 4,
1240 3288 1298 3341 ιιι).
1314 3272 1340 3325 5.
1365 3270 1437 3325 Alibi
1449 3285 1687 3340 puerorumroca-

898 3346 962 3400 bulo
972 3346 1041 3400 servi
1055 3346 1248 3413 intelliguntur,
1259 3351 1288 3394 ut
1301 3341 1369 3409 apud
1380 3348 1502 3395 sanctum
1512 3339 1689 3394 Ambrosium·

899 3414 946 3469 lib.
959 3432 967 3468 t
980 3417 1012 3469 dc
1029 3414 1166 3470 Abraham
1186 3427 1245 3480 cap.
1262 3411 1278 3466 9
1297 3425 1304 3465 :
1324 3409 1399 3464 Unde
1416 3420 1440 3463 ct
1461 3424 1555 3479 pucros
1574 3408 1686 3461 dicimus

897 3485 1002 3554 quaudo
1010 3485 1124 3538 aemulor
1132 3482 1322 3550 siquificamua,
1334 3495 1384 3533 uon
1393 3477 1684 3547 oetatemecprimeutea,

897 3552 943 3606 sed
954 3554 1137 3607 conditionem.
1151 3540 1197 3606 Sic
1208 3551 1288 3602 etiarn
1320 3548 1367 3603 leri
1388 3562 1421 3601 ue
1433 3545 1584 3615 intelligunt
1596 3543 1685 3601 locum

898 3621 973 3676 illum
991 3638 1025 3676 ex
1047 3621 1191 3690 Evangelio
1207 3634 1289 3673 secun
1310 3633 1354 3671 um
1367 3561 1497 3670 Joannem
1523 3614 1599 3669 :Est
1620 3630 1686 3686 puer

897 3708 965 3745 attus
977 3692 1019 3744 hic
1029 3690 1125 3744 itabens
1155 3692 1250 3757 aiuque
1263 3704 1342 3758 pauca
1356 3686 1521 3739 hordeaceos.
1536 3683 1575 3738 lo.

936 3760 1022 3815 ‘llaec
1034 3769 1075 3814 est
1090 3760 1169 3815 lectto
1179 3757 1305 3813 editionis
1320 3754 1482 3809 liasileensis
1500 3761 1529 3808 et
1551 3752 1680 3808 Codicum

897 3829 1046 3894 Remcnsis,
1074 3828 1216 3889 Pithoeani‚
1245 3825 1437 3896 sangallensis,
1465 3822 1632 3885 Parisiensis,
1657 3833 1686 3876 et

896 3899 1033 3954 lletcnsis.
1049 3897 1253 3960 Narmannictts,
1273 3895 1432 3955 Vaticanus,
1447 3891 1681 3951 camberonensis,

897 3969 1075 4032 colbertinus,
1091 3966 1241 4029 luccensis,
1257 3965 1325 4019 alter
1337 3961 1531 4032 Sangallensis,
1551 3969 1578 4014 et
1596 3975 1682 4024 meus,

896 4038 995 4093 habent
1006 4037 1167 4091 monastica.
1178 4035 1229 4088 tlht
1241 4033 1394 4087 monachice.
1411 4030 1449 4084 lo.

933 4127 996 4182 ⁸lta
1010 4129 1035 4181 le
1055 4129 1150 4182 cndutn
1162 4141 1222 4181 esse
1243 4132 1348 4179 monutt
1364 4121 1497 4177 lleroldus
1516 4120 1543 4174 in
1561 4120 1681 4190 margine

895 4197 1021 4252 editionis
1036 4144 1309 4262 destruenstsuamen
1320 4193 1371 4248 etsi
1384 4193 1411 4247 in
1426 4198 1553 4245 contextu
1563 4190 1685 4270 posuerit

895 4268 1054 4336 simpliciter
1071 4267 1202 4320 monachi.
1226 4266 1297 4319 Sane
1324 4263 1460 4316 latendum
1486 4267 1527 4313 est
1551 4274 1681 4327 majorem

837 4379 843 4391 .
895 4344 1015 4391 veterum
1024 4335 1216 4404 exemplarium
1227 4340 1330 4403 partem
1342 4332 1441 4387 habere
1449 4329 1590 4384 lectionem
1600 4343 1680 4397 quant

896 4406 1026 4461 lleroldus
1040 4405 1150 4460 retinuit
1163 4404 1190 4458 in
1202 4411 1339 4458 contextu.
1355 4401 1420 4455 Earn
1435 4409 1524 4453 tatncn
1534 4414 1618 4466 quatu
1631 4413 1681 4452 nos

1102 4490 1142 4528 naa
1151 4473 1281 4528 sincerior
1290 4472 1404 4533 ridetur,
1413 4468 1681 4532 babentl'arisiensc,

895 4544 1073 4608 Pitboeauum,
1083 4491 1229 4607 ‘demensa
1239 4550 1266 4597 ιι
1274 4557 1356 4595 unum
1368 4555 1401 4595 cx
1413 4539 1515 4594 duobus
1528 4537 1682 4608 Sangallen-

399 4603 448 4642 ens
458 4590 597 4648 honorem,
609 4589 745 4642 renovarit
760 4587 843 4640 moni·
860 4593 980 4669 Dsibus.
996 4614 1035 4667 ιι,

928 4701 943 4740 h
957 4701 1028 4756 Loco
1040 4700 1067 4754 in
1082 4715 1136 4769 quo
1149 4699 1254 4756 noviter
1265 4699 1403 4752 venientes
1420 4695 1454 4749 ad
1478 4694 1681 4750 conversionem

895 4771 1085 4838 suscipiuntur,
1112 4771 1151 4825 sic
1178 4770 1251 4824 dicto
1270 4768 1331 4836 qnia
1354 4766 1392 4821 ibi
1413 4780 1466 4819 non
1485 4764 1683 4833 recipit-bantur

895 4839 948 4893 nisi
965 4849 1106 4909 postquam
1119 4841 1163 4894 diu
1175 4839 1356 4910 pulsaverant.
1380 4835 1438 4890 Non
1458 4842 1500 4889 est
1521 4847 1588 4903 opus
1611 4830 1682 4886 istud

894 4911 1010 4978 probare
1037 4909 1176 4978 exemplis.
1225 4906 1343 4961 Alfenam
1372 4913 1474 4958 tantum
1500 4900 1681 4958 testimonium

896 4978 1008 5033 Gerardi
1021 4979 1125 5032 abbatis
1138 4978 1218 5032 Silue
1241 4975 1360 5044 blaioris,
1373 4989 1405 5028 ex
1429 4973 1516 5042 capite
1537 4971 1624 5041 primo
1648 4969 1681 5020 tle

898 5049 957 5101 llita
972 5048 1058 5102 sancti
1077 5046 1204 5102 udalardi
1219 5045 1331 5100 abbatis
1344 5041 1517 5100 Corbcieusis
1533 5057 1539 5092 :
1558 5058 1568 5091 t
1584 5039 1611 5091 ln
1631 5038 1681 5089 luc

897 5117 987 5185 itaque
1000 5117 1058 5171 loco
1071 5118 1181 5184 pulsans
1193 5125 1221 5171 ιι
1229 5115 1361 5184 pulsando
1382 5113 1516 5168 admissus
1534 5106 1680 5163 secundum

896 5186 1016 5257 regulam
1030 5187 1116 5241 sancti
1130 5186 1267 5241 Benedicti
1278 5182 1469 5244 instituendus,
1483 5186 1536 5232 ιιι.
1546 5195 1557 5230 ι
1568 5174 1608 5230 1)).

934 5279 944 5318 t
963 5276 1037 5332 Unus
1050 5276 1133 5331 codex
1148 5276 1277 5346 sangall,
1291 5263 1466 5328 enutriantur.
1477 5267 1516 5321 lo.

933 5345 940 5396 i
958 5347 1020 5402 llaec
1034 5355 1076 5401 cst
1088 5346 1167 5402 lectio
1180 5347 1300 5402 omnium
1312 5341 1395 5396 ierme
1409 5345 1529 5392 veterum
1541 5335 1680 5416 exempla-

897 5415 977 5470 riutn.
997 5415 1025 5470 ln
1039 5416 1164 5471 Remensi
1181 5425 1284 5476 tarnen,
1300 5414 1326 5466 in
1342 5410 1482 5464 Pithoeano
1500 5414 1527 5459 et
1552 5407 1579 5460 in
1605 5407 1678 5459 Pan·

897 5486 978 5540 sicnsi
995 5486 1100 5555 legitur,
1113 5495 1141 5544 ut
1151 5480 1492 5554 ltorpituutpcceqriuorttm,
1504 5486 1527 5529 et
1537 5490 1681 5546 pauperum

897 5557 1070 5624 susceptiones
1085 5554 1214 5624 repttlarea
1240 5562 1264 5605 ιι
1289 5547 1414 5626 Ganomci
1440 5561 1486 5614 per
1506 5546 1607 5599 diuersa
1620 5545 1678 5624 loco

897 5624 1018 5679 itabeaut.
1028 5623 1098 5680 Saue
1109 5625 1136 5679 iu
1146 5623 1269 5679 omnibus
1282 5617 1403 5688 llnscgist
1415 5615 1526 5671 vetustis
1536 5614 1684 5672 Codictbus.
